<record xmlns="http://www.loc.gov/MARC21/slim">
  <leader>03152cam a2200589   4500</leader>
  <controlfield tag="001">(DE-627)255105398</controlfield>
  <controlfield tag="003">DE-627</controlfield>
  <controlfield tag="005">20171109125504.0</controlfield>
  <controlfield tag="007">tu</controlfield>
  <controlfield tag="008">920605s1984    xx |||||      00| ||eng c</controlfield>
  <datafield tag="016" ind1="7" ind2=" ">
    <subfield code="a">b8642072</subfield>
    <subfield code="2">UK</subfield>
  </datafield>
  <datafield tag="020" ind1=" " ind2=" ">
    <subfield code="a">0195030524</subfield>
  </datafield>
  <datafield tag="035" ind1=" " ind2=" ">
    <subfield code="a">(DE-627)255105398</subfield>
  </datafield>
  <datafield tag="035" ind1=" " ind2=" ">
    <subfield code="a">(DE-576)028654226</subfield>
  </datafield>
  <datafield tag="035" ind1=" " ind2=" ">
    <subfield code="a">(DE-599)GBV255105398</subfield>
  </datafield>
  <datafield tag="035" ind1=" " ind2=" ">
    <subfield code="a">(OCoLC)230805398</subfield>
  </datafield>
  <datafield tag="035" ind1=" " ind2=" ">
    <subfield code="a">(OCoLC)09945900</subfield>
  </datafield>
  <datafield tag="035" ind1=" " ind2=" ">
    <subfield code="a">(OCoLC)230805398</subfield>
  </datafield>
  <datafield tag="035" ind1=" " ind2=" ">
    <subfield code="a">(DE-604)8002875527</subfield>
  </datafield>
  <datafield tag="040" ind1=" " ind2=" ">
    <subfield code="a">DE-627</subfield>
    <subfield code="b">ger</subfield>
    <subfield code="c">DE-627</subfield>
    <subfield code="e">rakwb</subfield>
  </datafield>
  <datafield tag="041" ind1=" " ind2=" ">
    <subfield code="a">eng</subfield>
  </datafield>
  <datafield tag="044" ind1=" " ind2=" ">
    <subfield code="c">XD-US</subfield>
  </datafield>
  <datafield tag="050" ind1=" " ind2="0">
    <subfield code="a">HJ2351.7</subfield>
  </datafield>
  <datafield tag="082" ind1="0" ind2=" ">
    <subfield code="a">336.2'009172'4</subfield>
  </datafield>
  <datafield tag="082" ind1="0" ind2=" ">
    <subfield code="a">336.2/009172/4</subfield>
  </datafield>
  <datafield tag="084" ind1=" " ind2=" ">
    <subfield code="a">QL 470</subfield>
    <subfield code="2">rvk</subfield>
  </datafield>
  <datafield tag="084" ind1=" " ind2=" ">
    <subfield code="a">QC 347</subfield>
    <subfield code="2">rvk</subfield>
  </datafield>
  <datafield tag="084" ind1=" " ind2=" ">
    <subfield code="a">QL 400</subfield>
    <subfield code="2">rvk</subfield>
  </datafield>
  <datafield tag="100" ind1="1" ind2=" ">
    <subfield code="a">Lewis, Stephen R.</subfield>
    <subfield code="0">(DE-627)1231978805</subfield>
    <subfield code="0">(DE-576)161978800</subfield>
  </datafield>
  <datafield tag="245" ind1="1" ind2="0">
    <subfield code="a">Taxation for development</subfield>
    <subfield code="b">principles and applications</subfield>
    <subfield code="c">Stephen R. Lewis Jr</subfield>
  </datafield>
  <datafield tag="264" ind1=" " ind2="1">
    <subfield code="a">New York [u.a.]</subfield>
    <subfield code="b">Oxford University Press</subfield>
    <subfield code="c">1984</subfield>
  </datafield>
  <datafield tag="300" ind1=" " ind2=" ">
    <subfield code="a">XIX, 306 S.</subfield>
    <subfield code="b">Ill.</subfield>
    <subfield code="c">8°</subfield>
  </datafield>
  <datafield tag="336" ind1=" " ind2=" ">
    <subfield code="a">Text</subfield>
    <subfield code="b">txt</subfield>
    <subfield code="2">rdacontent</subfield>
  </datafield>
  <datafield tag="337" ind1=" " ind2=" ">
    <subfield code="a">ohne Hilfsmittel zu benutzen</subfield>
    <subfield code="b">n</subfield>
    <subfield code="2">rdamedia</subfield>
  </datafield>
  <datafield tag="338" ind1=" " ind2=" ">
    <subfield code="a">Band</subfield>
    <subfield code="b">nc</subfield>
    <subfield code="2">rdacarrier</subfield>
  </datafield>
  <datafield tag="591" ind1=" " ind2=" ">
    <subfield code="a">720 ff. bvb; 580 ff. bvb ; 720 ff. (DDC): GBV/LOC ; IMD-Felder und 1131 maschinell ergänzt (SWB)</subfield>
  </datafield>
  <datafield tag="650" ind1=" " ind2="7">
    <subfield code="8">1.1\x</subfield>
    <subfield code="a">Steuer</subfield>
    <subfield code="0">(DE-627)091392241</subfield>
    <subfield code="0">(DE-STW)11547-6</subfield>
    <subfield code="2">stw</subfield>
  </datafield>
  <datafield tag="650" ind1=" " ind2="7">
    <subfield code="8">1.2\x</subfield>
    <subfield code="a">Entwicklungsländer</subfield>
    <subfield code="0">(DE-627)09135742X</subfield>
    <subfield code="0">(DE-STW)10492-3</subfield>
    <subfield code="2">stw</subfield>
  </datafield>
  <datafield tag="689" ind1="0" ind2="0">
    <subfield code="D">g</subfield>
    <subfield code="0">(DE-588)4014954-7</subfield>
    <subfield code="0">(DE-627)104493925</subfield>
    <subfield code="0">(DE-576)208909974</subfield>
    <subfield code="a">Entwicklungsländer</subfield>
    <subfield code="2">gnd</subfield>
  </datafield>
  <datafield tag="689" ind1="0" ind2="1">
    <subfield code="D">s</subfield>
    <subfield code="0">(DE-588)4057447-7</subfield>
    <subfield code="0">(DE-627)10455942X</subfield>
    <subfield code="0">(DE-576)20912203X</subfield>
    <subfield code="a">Steuerpolitik</subfield>
    <subfield code="2">gnd</subfield>
  </datafield>
  <datafield tag="689" ind1="0" ind2=" ">
    <subfield code="5">DE-576</subfield>
  </datafield>
  <datafield tag="924" ind1="0" ind2=" ">
    <subfield code="a">323437125</subfield>
    <subfield code="b">DE-206</subfield>
    <subfield code="c">GBV</subfield>
    <subfield code="i">K:</subfield>
    <subfield code="g">B 208354</subfield>
    <subfield code="d">L</subfield>
  </datafield>
  <datafield tag="924" ind1="0" ind2=" ">
    <subfield code="a">857693174</subfield>
    <subfield code="b">DE-206</subfield>
    <subfield code="c">GBV</subfield>
    <subfield code="d">L</subfield>
    <subfield code="g">1985 A 1168</subfield>
    <subfield code="h">206/1</subfield>
    <subfield code="i">H:</subfield>
  </datafield>
  <datafield tag="924" ind1="0" ind2=" ">
    <subfield code="a">3122064952</subfield>
    <subfield code="b">DE-21-19</subfield>
    <subfield code="9">21/19</subfield>
    <subfield code="c">BSZ</subfield>
    <subfield code="d">b</subfield>
    <subfield code="g">Fi IIId 280</subfield>
    <subfield code="9">p</subfield>
  </datafield>
  <datafield tag="924" ind1="0" ind2=" ">
    <subfield code="a">3122064995</subfield>
    <subfield code="b">DE-180</subfield>
    <subfield code="9">180</subfield>
    <subfield code="c">BSZ</subfield>
    <subfield code="d">d</subfield>
    <subfield code="g">300 QL 470 L676</subfield>
    <subfield code="h">300</subfield>
  </datafield>
  <datafield tag="924" ind1="0" ind2=" ">
    <subfield code="a">312206507X</subfield>
    <subfield code="b">DE-16-160</subfield>
    <subfield code="9">16/160</subfield>
    <subfield code="c">BSZ</subfield>
    <subfield code="d">c</subfield>
    <subfield code="g">WS/QL 400 L673</subfield>
  </datafield>
  <datafield tag="924" ind1="0" ind2=" ">
    <subfield code="a">3122065215</subfield>
    <subfield code="b">DE-100</subfield>
    <subfield code="9">100</subfield>
    <subfield code="c">BSZ</subfield>
    <subfield code="d">d</subfield>
    <subfield code="g">2889/96</subfield>
    <subfield code="h">31</subfield>
    <subfield code="9">p</subfield>
  </datafield>
  <datafield tag="924" ind1="0" ind2=" ">
    <subfield code="a">3122065290</subfield>
    <subfield code="b">DE-Frei119</subfield>
    <subfield code="9">Frei 119</subfield>
    <subfield code="c">BSZ</subfield>
    <subfield code="d">b</subfield>
    <subfield code="g">Frei 119: Q-IX-B-0234</subfield>
    <subfield code="9">p</subfield>
  </datafield>
  <datafield tag="935" ind1=" " ind2=" ">
    <subfield code="i">Blocktest</subfield>
  </datafield>
  <datafield tag="936" ind1="r" ind2="v">
    <subfield code="a">QL 470</subfield>
    <subfield code="b">Sonstige</subfield>
    <subfield code="k">Wirtschaftswissenschaften</subfield>
    <subfield code="k">Finanzwissenschaft. Betriebswirtschaftliche Steuerlehre</subfield>
    <subfield code="k">Allgemeine Steuerlehre, Steuersystem einzelner Länder</subfield>
    <subfield code="k">Steuersystem und Steuerpolitik in einzelnen Ländern</subfield>
    <subfield code="k">Sonstige</subfield>
    <subfield code="0">1271587440</subfield>
    <subfield code="0">(DE-627)1271587440</subfield>
    <subfield code="0">(DE-576)201587440</subfield>
    <subfield code="0">(DE-625)141729:</subfield>
  </datafield>
  <datafield tag="936" ind1="r" ind2="v">
    <subfield code="a">QC 347</subfield>
    <subfield code="b">Staatliche Wachstums- und Entwicklungspolitik</subfield>
    <subfield code="k">Wirtschaftswissenschaften</subfield>
    <subfield code="k">Wirtschaftstheorie, einschließlich Geldtheorie</subfield>
    <subfield code="k">Wert-, Preis- und Allokationstheorie</subfield>
    <subfield code="k">Makroökonomische Theorie. Geldtheorie. Konjunkturtheorie. Wachstumstheorie</subfield>
    <subfield code="k">Wachstums- und Entwicklungstheorie</subfield>
    <subfield code="k">Staatliche Wachstums- und Entwicklungspolitik</subfield>
    <subfield code="0">1271503751</subfield>
    <subfield code="0">(DE-627)1271503751</subfield>
    <subfield code="0">(DE-576)201503751</subfield>
    <subfield code="0">(DE-625)141274:</subfield>
  </datafield>
  <datafield tag="936" ind1="r" ind2="v">
    <subfield code="a">QL 400</subfield>
    <subfield code="b">Allgemeines (auch Ökologische Steuerreform)</subfield>
    <subfield code="k">Wirtschaftswissenschaften</subfield>
    <subfield code="k">Finanzwissenschaft. Betriebswirtschaftliche Steuerlehre</subfield>
    <subfield code="k">Allgemeine Steuerlehre, Steuersystem einzelner Länder</subfield>
    <subfield code="k">Allgemeines (auch Ökologische Steuerreform)</subfield>
    <subfield code="0">1270805207</subfield>
    <subfield code="0">(DE-627)1270805207</subfield>
    <subfield code="0">(DE-576)200805207</subfield>
    <subfield code="0">(DE-625)141714:</subfield>
  </datafield>
<datafield tag="690" ind1="H" ind2="D">
            <subfield code="8">YM</subfield>
            <subfield code="a">Wirtschaftswissenschaften : Internationaler Handel. Zahlungsbilanz und Wechselkurse</subfield>
            <subfield code="2">HSG-IFF</subfield>
        </datafield></record>