<record xmlns="http://www.loc.gov/MARC21/slim">
  <leader>00987caa a22002652  4500</leader>
  <controlfield tag="001">(DE-627)483236012</controlfield>
  <controlfield tag="003">DE-627</controlfield>
  <controlfield tag="005">20170913203447.0</controlfield>
  <controlfield tag="007">tu</controlfield>
  <controlfield tag="008">050411s1980    xx |||||      00| ||und c</controlfield>
  <datafield tag="035" ind1=" " ind2=" ">
    <subfield code="a">(DE-627)483236012</subfield>
  </datafield>
  <datafield tag="035" ind1=" " ind2=" ">
    <subfield code="a">(DE-599)GBV483236012</subfield>
  </datafield>
  <datafield tag="040" ind1=" " ind2=" ">
    <subfield code="a">DE-627</subfield>
    <subfield code="b">ger</subfield>
    <subfield code="c">DE-627</subfield>
    <subfield code="e">rakwb</subfield>
  </datafield>
  <datafield tag="100" ind1="1" ind2=" ">
    <subfield code="a">Röpke, Jochen</subfield>
  </datafield>
  <datafield tag="245" ind1="1" ind2="0">
    <subfield code="a">Zur Stabilität und Evolution marktwirtschaftlicher Systeme aus klassischer Sicht</subfield>
    <subfield code="c">Jochen Röpke; Gerhard Schwödiauer</subfield>
  </datafield>
  <datafield tag="264" ind1=" " ind2="1">
    <subfield code="c">1980</subfield>
  </datafield>
  <datafield tag="336" ind1=" " ind2=" ">
    <subfield code="a">Text</subfield>
    <subfield code="b">txt</subfield>
    <subfield code="2">rdacontent</subfield>
  </datafield>
  <datafield tag="337" ind1=" " ind2=" ">
    <subfield code="a">ohne Hilfsmittel zu benutzen</subfield>
    <subfield code="b">n</subfield>
    <subfield code="2">rdamedia</subfield>
  </datafield>
  <datafield tag="338" ind1=" " ind2=" ">
    <subfield code="a">Band</subfield>
    <subfield code="b">nc</subfield>
    <subfield code="2">rdacarrier</subfield>
  </datafield>
  <datafield tag="520" ind1=" " ind2=" ">
    <subfield code="a">Schwödiauer, Gerhard: Korreferat. 155-159</subfield>
  </datafield>
  <datafield tag="700" ind1="1" ind2=" ">
    <subfield code="a">Schwödiauer, Gerhard</subfield>
    <subfield code="4">aut</subfield>
  </datafield>
  <datafield tag="773" ind1="0" ind2="8">
    <subfield code="i">In</subfield>
    <subfield code="t">Zur Theorie marktwirtschaftlicher Ordnungen</subfield>
    <subfield code="d">Tübingen : Mohr, 1980</subfield>
    <subfield code="g">(1980), Seite 124-154</subfield>
    <subfield code="h">IV, 523 S.</subfield>
    <subfield code="w">(DE-627)027273830</subfield>
    <subfield code="w">(DE-576)007318421</subfield>
    <subfield code="z">3163431615</subfield>
    <subfield code="z">3163431623</subfield>
  </datafield>
  <datafield tag="924" ind1="1" ind2=" ">
    <subfield code="a">714892130</subfield>
    <subfield code="b">DE-206</subfield>
    <subfield code="c">GBV</subfield>
  </datafield>
  <datafield tag="935" ind1=" " ind2=" ">
    <subfield code="i">ZBWRetro</subfield>
  </datafield>
  <datafield tag="936" ind1="u" ind2="w">
    <subfield code="j">1980</subfield>
    <subfield code="h">124-154</subfield>
  </datafield>
<datafield tag="690" ind1="H" ind2="D">
            <subfield code="8">YC</subfield>
            <subfield code="a">Wirtschaftswissenschaften : Wirtschaftstheorie, einschliesslich Geldtheorie</subfield>
            <subfield code="2">HSG-IFF</subfield>
        </datafield></record>