<record xmlns="http://www.loc.gov/MARC21/slim">
  <leader>01683cam a22003852  4500</leader>
  <controlfield tag="001">(DE-627)255779348</controlfield>
  <controlfield tag="003">DE-627</controlfield>
  <controlfield tag="005">20180317173340.0</controlfield>
  <controlfield tag="007">tu</controlfield>
  <controlfield tag="008">990214s1988    xx |||||      00| ||ger c</controlfield>
  <datafield tag="020" ind1=" " ind2=" ">
    <subfield code="a">9277404361</subfield>
  </datafield>
  <datafield tag="028" ind1="5" ind2="2">
    <subfield code="a">CB-CO-88-499-DE-C</subfield>
  </datafield>
  <datafield tag="035" ind1=" " ind2=" ">
    <subfield code="a">(DE-627)255779348</subfield>
  </datafield>
  <datafield tag="035" ind1=" " ind2=" ">
    <subfield code="a">(DE-599)GBV255779348</subfield>
  </datafield>
  <datafield tag="035" ind1=" " ind2=" ">
    <subfield code="a">(OCoLC)246743175</subfield>
  </datafield>
  <datafield tag="040" ind1=" " ind2=" ">
    <subfield code="a">DE-627</subfield>
    <subfield code="b">ger</subfield>
    <subfield code="c">DE-627</subfield>
    <subfield code="e">rakwb</subfield>
  </datafield>
  <datafield tag="041" ind1=" " ind2=" ">
    <subfield code="a">ger</subfield>
  </datafield>
  <datafield tag="044" ind1=" " ind2=" ">
    <subfield code="c">lu</subfield>
    <subfield code="c">eu</subfield>
  </datafield>
  <datafield tag="245" ind1="1" ind2="0">
    <subfield code="a">Vorschlag für eine Richtlinie des Rates über die Auftragsvergabe durch Unternehmen im Telekommunikationssektor</subfield>
    <subfield code="c">(von der Kommission vorgelegt)</subfield>
  </datafield>
  <datafield tag="264" ind1=" " ind2="1">
    <subfield code="a">Luxemburg</subfield>
    <subfield code="b">Amt für Amtliche Veröff. der Europ. Gemeinschaften</subfield>
    <subfield code="c">1988</subfield>
  </datafield>
  <datafield tag="300" ind1=" " ind2=" ">
    <subfield code="a">44 S</subfield>
  </datafield>
  <datafield tag="336" ind1=" " ind2=" ">
    <subfield code="a">Text</subfield>
    <subfield code="b">txt</subfield>
    <subfield code="2">rdacontent</subfield>
  </datafield>
  <datafield tag="337" ind1=" " ind2=" ">
    <subfield code="a">ohne Hilfsmittel zu benutzen</subfield>
    <subfield code="b">n</subfield>
    <subfield code="2">rdamedia</subfield>
  </datafield>
  <datafield tag="338" ind1=" " ind2=" ">
    <subfield code="a">Band</subfield>
    <subfield code="b">nc</subfield>
    <subfield code="2">rdacarrier</subfield>
  </datafield>
  <datafield tag="490" ind1="1" ind2=" ">
    <subfield code="a">Dokumente / Kommission der Europäischen Gemeinschaften</subfield>
    <subfield code="v">1988,378</subfield>
  </datafield>
  <datafield tag="591" ind1=" " ind2=" ">
    <subfield code="a">Themenheft (GBV)</subfield>
  </datafield>
  <datafield tag="648" ind1=" " ind2="7">
    <subfield code="8">1.4\x</subfield>
    <subfield code="a">11.10.1988</subfield>
    <subfield code="2">stw</subfield>
  </datafield>
  <datafield tag="650" ind1=" " ind2="7">
    <subfield code="8">1.1\x</subfield>
    <subfield code="a">Öffentlicher Auftrag</subfield>
    <subfield code="0">(DE-627)091380847</subfield>
    <subfield code="0">(DE-STW)11579-0</subfield>
    <subfield code="2">stw</subfield>
  </datafield>
  <datafield tag="650" ind1=" " ind2="7">
    <subfield code="8">1.2\x</subfield>
    <subfield code="a">Telekommunikation</subfield>
    <subfield code="0">(DE-627)091394481</subfield>
    <subfield code="0">(DE-STW)13278-4</subfield>
    <subfield code="2">stw</subfield>
  </datafield>
  <datafield tag="650" ind1=" " ind2="7">
    <subfield code="8">1.3\x</subfield>
    <subfield code="a">EU-Staaten</subfield>
    <subfield code="0">(DE-627)091358639</subfield>
    <subfield code="0">(DE-STW)17983-5</subfield>
    <subfield code="2">stw</subfield>
  </datafield>
  <datafield tag="710" ind1="2" ind2=" ">
    <subfield code="a">Europäische Kommission</subfield>
    <subfield code="0">(DE-588)1024466-9</subfield>
    <subfield code="0">(DE-627)103558179</subfield>
    <subfield code="0">(DE-576)191279862</subfield>
  </datafield>
  <datafield tag="810" ind1="2" ind2=" ">
    <subfield code="a">Europäische Kommission</subfield>
    <subfield code="t">Kom</subfield>
    <subfield code="v">1988,378</subfield>
    <subfield code="g">198803780</subfield>
    <subfield code="w">(DE-627)129862029</subfield>
    <subfield code="w">(DE-576)015173208</subfield>
    <subfield code="0">(DE-600)283583-6</subfield>
  </datafield>
  <datafield tag="924" ind1="1" ind2=" ">
    <subfield code="a">01401856X</subfield>
    <subfield code="b">DE-206</subfield>
    <subfield code="c">GBV</subfield>
  </datafield>
  <datafield tag="924" ind1="1" ind2=" ">
    <subfield code="a">515947350</subfield>
    <subfield code="b">DE-89</subfield>
    <subfield code="c">GBV</subfield>
    <subfield code="d">N</subfield>
    <subfield code="e">8</subfield>
    <subfield code="g">Enthalten in: Z oek 3798/211</subfield>
    <subfield code="g">Z oek 3798/211-1988,378</subfield>
    <subfield code="h">89/18</subfield>
    <subfield code="h">FBW EU</subfield>
    <subfield code="i">FBW Mag</subfield>
  </datafield>
  <datafield tag="924" ind1="1" ind2=" ">
    <subfield code="a">515947350</subfield>
    <subfield code="b">DE-35</subfield>
    <subfield code="c">GBV</subfield>
    <subfield code="d">N</subfield>
    <subfield code="g">Z oek 3798/211-1988,378</subfield>
    <subfield code="h">35/02</subfield>
    <subfield code="i">FBW EU</subfield>
  </datafield>
<datafield tag="690" ind1="H" ind2="D">
            <subfield code="8">YL5</subfield>
            <subfield code="a">Wirtschaftswissenschaften : Finanzwissenschaft. Betriebswirtschaftliche Steuerlehre : Finanzwirtschaft supranationaler Behörden</subfield>
            <subfield code="2">HSG-IFF</subfield>
        </datafield><datafield tag="690" ind1="H" ind2="D">
            <subfield code="8">YM</subfield>
            <subfield code="a">Wirtschaftswissenschaften : Internationaler Handel. Zahlungsbilanz und Wechselkurse</subfield>
            <subfield code="2">HSG-IFF</subfield>
            </datafield></record>