<record xmlns="http://www.loc.gov/MARC21/slim">
  <leader>04280cam a2200661   4500</leader>
  <controlfield tag="001">(DE-627)1073069524</controlfield>
  <controlfield tag="003">DE-627</controlfield>
  <controlfield tag="005">20171109141624.0</controlfield>
  <controlfield tag="007">tu</controlfield>
  <controlfield tag="008">850101s1967    xx |||||      00| ||ger c</controlfield>
  <datafield tag="035" ind1=" " ind2=" ">
    <subfield code="a">(DE-627)1073069524</subfield>
  </datafield>
  <datafield tag="035" ind1=" " ind2=" ">
    <subfield code="a">(DE-576)003069524</subfield>
  </datafield>
  <datafield tag="035" ind1=" " ind2=" ">
    <subfield code="a">(DE-599)BSZ003069524</subfield>
  </datafield>
  <datafield tag="035" ind1=" " ind2=" ">
    <subfield code="a">(OCoLC)310592722</subfield>
  </datafield>
  <datafield tag="035" ind1=" " ind2=" ">
    <subfield code="a">(DE-604)8019222696</subfield>
  </datafield>
  <datafield tag="040" ind1=" " ind2=" ">
    <subfield code="a">DE-627</subfield>
    <subfield code="b">ger</subfield>
    <subfield code="c">DE-627</subfield>
    <subfield code="e">rakwb</subfield>
  </datafield>
  <datafield tag="041" ind1=" " ind2=" ">
    <subfield code="a">ger</subfield>
  </datafield>
  <datafield tag="084" ind1=" " ind2=" ">
    <subfield code="a">PN 537</subfield>
    <subfield code="2">rvk</subfield>
  </datafield>
  <datafield tag="084" ind1=" " ind2=" ">
    <subfield code="a">RB 10639</subfield>
    <subfield code="2">rvk</subfield>
  </datafield>
  <datafield tag="084" ind1=" " ind2=" ">
    <subfield code="a">QY 000</subfield>
    <subfield code="2">rvk</subfield>
  </datafield>
  <datafield tag="084" ind1=" " ind2=" ">
    <subfield code="a">RC 25639</subfield>
    <subfield code="2">rvk</subfield>
  </datafield>
  <datafield tag="100" ind1="1" ind2=" ">
    <subfield code="a">Jochimsen, Reimut</subfield>
    <subfield code="d">1933-1999</subfield>
    <subfield code="0">(DE-588)115680357</subfield>
    <subfield code="0">(DE-627)060020105</subfield>
    <subfield code="0">(DE-576)161593208</subfield>
  </datafield>
  <datafield tag="245" ind1="1" ind2="0">
    <subfield code="a">Zentrale Orte in ländlichen Räumen</subfield>
    <subfield code="b">Forschungsbericht erstellt im Auftrag des Bundesministers des Innern; Unter besonderer Berücksichtigung der Möglichkeiten der Schaffung zusätzlicher außerlandwirtschaftlicher Arbeitsplätze</subfield>
    <subfield code="c">von Reimut Jochimsen und Peter Treuner</subfield>
  </datafield>
  <datafield tag="264" ind1=" " ind2="1">
    <subfield code="a">Bad Godesberg</subfield>
    <subfield code="b">Bundesanst. fuer Landeskunde und Raumforschung</subfield>
    <subfield code="c">1967</subfield>
  </datafield>
  <datafield tag="300" ind1=" " ind2=" ">
    <subfield code="a">VI, 181 S.</subfield>
    <subfield code="b">Kt.</subfield>
  </datafield>
  <datafield tag="336" ind1=" " ind2=" ">
    <subfield code="a">Text</subfield>
    <subfield code="b">txt</subfield>
    <subfield code="2">rdacontent</subfield>
  </datafield>
  <datafield tag="337" ind1=" " ind2=" ">
    <subfield code="a">ohne Hilfsmittel zu benutzen</subfield>
    <subfield code="b">n</subfield>
    <subfield code="2">rdamedia</subfield>
  </datafield>
  <datafield tag="338" ind1=" " ind2=" ">
    <subfield code="a">Band</subfield>
    <subfield code="b">nc</subfield>
    <subfield code="2">rdacarrier</subfield>
  </datafield>
  <datafield tag="490" ind1="1" ind2=" ">
    <subfield code="a">Mitteilungen aus dem Institut für Raumforschung, Bad Godesberg</subfield>
    <subfield code="v">58</subfield>
  </datafield>
  <datafield tag="591" ind1=" " ind2=" ">
    <subfield code="a">720 ff. bvb; 580 ff. bvb ; IMD-Felder und 1131 maschinell ergänzt (SWB)</subfield>
  </datafield>
  <datafield tag="689" ind1="0" ind2="0">
    <subfield code="D">s</subfield>
    <subfield code="0">(DE-588)4067619-5</subfield>
    <subfield code="0">(DE-627)104609818</subfield>
    <subfield code="0">(DE-576)209170522</subfield>
    <subfield code="a">Zentraler Ort</subfield>
    <subfield code="2">gnd</subfield>
  </datafield>
  <datafield tag="689" ind1="0" ind2="1">
    <subfield code="D">s</subfield>
    <subfield code="0">(DE-588)4034026-0</subfield>
    <subfield code="0">(DE-627)106254863</subfield>
    <subfield code="0">(DE-576)209004657</subfield>
    <subfield code="a">Ländlicher Raum</subfield>
    <subfield code="2">gnd</subfield>
  </datafield>
  <datafield tag="689" ind1="0" ind2="2">
    <subfield code="D">s</subfield>
    <subfield code="0">(DE-588)4002759-4</subfield>
    <subfield code="0">(DE-627)106392123</subfield>
    <subfield code="0">(DE-576)208848568</subfield>
    <subfield code="a">Arbeitsplatz</subfield>
    <subfield code="2">gnd</subfield>
  </datafield>
  <datafield tag="689" ind1="0" ind2=" ">
    <subfield code="5">DE-576</subfield>
  </datafield>
  <datafield tag="689" ind1="1" ind2="0">
    <subfield code="D">s</subfield>
    <subfield code="0">(DE-588)4034026-0</subfield>
    <subfield code="0">(DE-627)106254863</subfield>
    <subfield code="0">(DE-576)209004657</subfield>
    <subfield code="a">Ländlicher Raum</subfield>
    <subfield code="2">gnd</subfield>
  </datafield>
  <datafield tag="689" ind1="1" ind2="1">
    <subfield code="D">s</subfield>
    <subfield code="0">(DE-588)4002759-4</subfield>
    <subfield code="0">(DE-627)106392123</subfield>
    <subfield code="0">(DE-576)208848568</subfield>
    <subfield code="a">Arbeitsplatz</subfield>
    <subfield code="2">gnd</subfield>
  </datafield>
  <datafield tag="689" ind1="1" ind2=" ">
    <subfield code="5">DE-576</subfield>
  </datafield>
  <datafield tag="700" ind1="1" ind2=" ">
    <subfield code="a">Treuner, Peter</subfield>
    <subfield code="0">(DE-627)1233345869</subfield>
    <subfield code="0">(DE-576)163345864</subfield>
    <subfield code="4">aut</subfield>
  </datafield>
  <datafield tag="810" ind1="2" ind2=" ">
    <subfield code="a">Institut für Raumforschung</subfield>
    <subfield code="t">Mitteilungen aus dem Institut für Raumforschung, Bad Godesberg</subfield>
    <subfield code="v">58</subfield>
    <subfield code="9">58</subfield>
    <subfield code="w">(DE-627)130714836</subfield>
    <subfield code="w">(DE-576)01626259X</subfield>
    <subfield code="w">(DE-600)967200-x</subfield>
    <subfield code="x">0343-8104</subfield>
  </datafield>
  <datafield tag="856" ind1="4" ind2="2">
    <subfield code="m">V:DE-605</subfield>
    <subfield code="u">http://d-nb.info/457100621/04</subfield>
    <subfield code="q">application/pdf</subfield>
    <subfield code="3">Inhaltsverzeichnis</subfield>
  </datafield>
  <datafield tag="924" ind1="0" ind2=" ">
    <subfield code="a">2023139120</subfield>
    <subfield code="b">DE-21</subfield>
    <subfield code="9">21</subfield>
    <subfield code="c">BSZ</subfield>
    <subfield code="d">c</subfield>
    <subfield code="g">7 B 609</subfield>
  </datafield>
  <datafield tag="924" ind1="0" ind2=" ">
    <subfield code="a">2023139147</subfield>
    <subfield code="b">DE-21-19</subfield>
    <subfield code="9">21/19</subfield>
    <subfield code="c">BSZ</subfield>
    <subfield code="d">b</subfield>
    <subfield code="g">MVb 120</subfield>
    <subfield code="9">p</subfield>
  </datafield>
  <datafield tag="924" ind1="0" ind2=" ">
    <subfield code="a">2023138981</subfield>
    <subfield code="b">DE-25</subfield>
    <subfield code="9">25</subfield>
    <subfield code="c">BSZ</subfield>
    <subfield code="d">c</subfield>
    <subfield code="g">J 5285,mqm</subfield>
  </datafield>
  <datafield tag="924" ind1="0" ind2=" ">
    <subfield code="a">2023139082</subfield>
    <subfield code="b">DE-352</subfield>
    <subfield code="9">352</subfield>
    <subfield code="c">BSZ</subfield>
    <subfield code="d">c</subfield>
    <subfield code="g">wru 232:dt60/j62</subfield>
  </datafield>
  <datafield tag="924" ind1="0" ind2=" ">
    <subfield code="a">2919407058</subfield>
    <subfield code="b">DE-180</subfield>
    <subfield code="9">180</subfield>
    <subfield code="c">BSZ</subfield>
    <subfield code="d">c</subfield>
    <subfield code="g">Z 3142 M-58</subfield>
    <subfield code="h">T-MAG</subfield>
  </datafield>
  <datafield tag="924" ind1="0" ind2=" ">
    <subfield code="a">2687433268</subfield>
    <subfield code="b">DE-15</subfield>
    <subfield code="9">15</subfield>
    <subfield code="c">BSZ</subfield>
    <subfield code="d">c</subfield>
  </datafield>
  <datafield tag="924" ind1="0" ind2=" ">
    <subfield code="a">2023139015</subfield>
    <subfield code="b">DE-16</subfield>
    <subfield code="9">16</subfield>
    <subfield code="c">BSZ</subfield>
    <subfield code="d">c</subfield>
    <subfield code="g">67 C 235</subfield>
  </datafield>
  <datafield tag="924" ind1="0" ind2=" ">
    <subfield code="a">202313899X</subfield>
    <subfield code="b">DE-16-160</subfield>
    <subfield code="9">16/160</subfield>
    <subfield code="c">BSZ</subfield>
    <subfield code="d">c</subfield>
    <subfield code="g">WS/RB 10639 J63</subfield>
    <subfield code="h">151</subfield>
  </datafield>
  <datafield tag="924" ind1="0" ind2=" ">
    <subfield code="a">2023139031</subfield>
    <subfield code="b">DE-90</subfield>
    <subfield code="9">90</subfield>
    <subfield code="c">BSZ</subfield>
    <subfield code="d">c</subfield>
    <subfield code="g">91 E 575</subfield>
  </datafield>
  <datafield tag="924" ind1="0" ind2=" ">
    <subfield code="a">202313904X</subfield>
    <subfield code="b">DE-90-70</subfield>
    <subfield code="9">90/70</subfield>
    <subfield code="c">BSZ</subfield>
    <subfield code="d">b</subfield>
    <subfield code="9">p</subfield>
  </datafield>
  <datafield tag="924" ind1="0" ind2=" ">
    <subfield code="a">2023139066</subfield>
    <subfield code="b">DE-90-95</subfield>
    <subfield code="9">90/95</subfield>
    <subfield code="c">BSZ</subfield>
    <subfield code="d">b</subfield>
    <subfield code="9">p</subfield>
  </datafield>
  <datafield tag="924" ind1="0" ind2=" ">
    <subfield code="a">2023139112</subfield>
    <subfield code="b">DE-93</subfield>
    <subfield code="9">93</subfield>
    <subfield code="c">BSZ</subfield>
    <subfield code="d">c</subfield>
    <subfield code="g">2Za 772-58</subfield>
  </datafield>
  <datafield tag="924" ind1="0" ind2=" ">
    <subfield code="a">2023139104</subfield>
    <subfield code="b">DE-93-59</subfield>
    <subfield code="9">93/59</subfield>
    <subfield code="c">BSZ</subfield>
    <subfield code="d">b</subfield>
    <subfield code="g">420-141</subfield>
    <subfield code="9">p</subfield>
  </datafield>
  <datafield tag="924" ind1="0" ind2=" ">
    <subfield code="a">2577855079</subfield>
    <subfield code="b">DE-Sp3</subfield>
    <subfield code="9">Sp 3</subfield>
    <subfield code="c">BSZ</subfield>
    <subfield code="d">b</subfield>
    <subfield code="g">D II t 77</subfield>
    <subfield code="9">p</subfield>
  </datafield>
  <datafield tag="936" ind1="r" ind2="v">
    <subfield code="a">PN 537</subfield>
    <subfield code="b">Verhältnis Stadt - Land, Ballung, Entballung</subfield>
    <subfield code="k">Rechtswissenschaft</subfield>
    <subfield code="k">Verwaltungswissenschaften und Verwaltungsrecht</subfield>
    <subfield code="k">Besonderes Verwaltungsrecht</subfield>
    <subfield code="k">Raumordnungsrecht</subfield>
    <subfield code="k">Einzeldarstellungen</subfield>
    <subfield code="k">Verhältnis Stadt - Land, Ballung, Entballung</subfield>
    <subfield code="0">1271303027</subfield>
    <subfield code="0">(DE-627)1271303027</subfield>
    <subfield code="0">(DE-576)201303027</subfield>
    <subfield code="0">(DE-625)137547:</subfield>
  </datafield>
  <datafield tag="936" ind1="r" ind2="v">
    <subfield code="a">RB 10639</subfield>
    <subfield code="b">Zentrale Orte, Stadt-Land-Beziehungen</subfield>
    <subfield code="k">Geografie</subfield>
    <subfield code="k">Nicht regional gebundene Darstellungen</subfield>
    <subfield code="k">Allgemeine Geografie</subfield>
    <subfield code="k">Anthropogeografie</subfield>
    <subfield code="k">Siedlungsgeografie</subfield>
    <subfield code="k">Teilgebiete und Einzelfragen</subfield>
    <subfield code="k">Zentrale Orte, Stadt-Land-Beziehungen</subfield>
    <subfield code="0">1271532654</subfield>
    <subfield code="0">(DE-627)1271532654</subfield>
    <subfield code="0">(DE-576)201532654</subfield>
    <subfield code="0">(DE-625)142220:12805</subfield>
  </datafield>
  <datafield tag="936" ind1="r" ind2="v">
    <subfield code="a">QY 000</subfield>
    <subfield code="b">Allgemeines</subfield>
    <subfield code="k">Wirtschaftswissenschaften</subfield>
    <subfield code="k">Regionale Wirtschaftspolitik. Stadtplanung</subfield>
    <subfield code="k">Allgemeines</subfield>
    <subfield code="0">1270805142</subfield>
    <subfield code="0">(DE-627)1270805142</subfield>
    <subfield code="0">(DE-576)200805142</subfield>
    <subfield code="0">(DE-625)142214:</subfield>
  </datafield>
  <datafield tag="936" ind1="r" ind2="v">
    <subfield code="a">RC 25639</subfield>
    <subfield code="b">Zentrale Orte, Stadt-Land-Beziehungen</subfield>
    <subfield code="k">Geografie</subfield>
    <subfield code="k">Regionale Geografie</subfield>
    <subfield code="k">Europa</subfield>
    <subfield code="k">Mitteleuropa</subfield>
    <subfield code="k">Deutschland</subfield>
    <subfield code="k">Deutschland (Westliche Länder)</subfield>
    <subfield code="k">Sachschlüssel zur Geografie</subfield>
    <subfield code="k">Allgemeine Geografie</subfield>
    <subfield code="k">Anthropogeografie</subfield>
    <subfield code="k">Siedlungsgeografie</subfield>
    <subfield code="k">Teilgebiete und Einzelfragen</subfield>
    <subfield code="k">Zentrale Orte, Stadt-Land-Beziehungen</subfield>
    <subfield code="0">127171034X</subfield>
    <subfield code="0">(DE-627)127171034X</subfield>
    <subfield code="0">(DE-576)20171034X</subfield>
    <subfield code="0">(DE-625)142225:12805</subfield>
  </datafield>
<datafield tag="690" ind1="H" ind2="D">
            <subfield code="8">YY</subfield>
            <subfield code="a">Wirtschaftswissenschaften : Regionale Wirtschaftspolitik. Stadtplanung</subfield>
            <subfield code="2">HSG-IFF</subfield>
        </datafield></record>