<record xmlns="http://www.loc.gov/MARC21/slim">
  <leader>00648nam a2200241 cb4500</leader>
  <controlfield tag="001">(DE-605)HT010438612</controlfield>
  <controlfield tag="003">DE-605</controlfield>
  <controlfield tag="005">00000000000000.0</controlfield>
  <controlfield tag="007">t</controlfield>
  <controlfield tag="008">990522s1970    xxu      |||| 00||| und d</controlfield>
  <datafield tag="035" ind1=" " ind2=" ">
    <subfield code="a">(DE-599)HBZHT010438612</subfield>
  </datafield>
  <datafield tag="040" ind1=" " ind2=" ">
    <subfield code="a">DE-605</subfield>
    <subfield code="b">ger</subfield>
    <subfield code="e">rakwb</subfield>
  </datafield>
  <datafield tag="041" ind1=" " ind2=" ">
    <subfield code="a">und</subfield>
  </datafield>
  <datafield tag="044" ind1=" " ind2=" ">
    <subfield code="a">xxu</subfield>
    <subfield code="c">US</subfield>
  </datafield>
  <datafield tag="245" ind1="0" ind2="0">
    <subfield code="a">War against poverty</subfield>
    <subfield code="c">[Hrsg.]: The Brookings Institution</subfield>
  </datafield>
  <datafield tag="260" ind1=" " ind2=" ">
    <subfield code="a">Washington</subfield>
    <subfield code="c">1970</subfield>
  </datafield>
  <datafield tag="300" ind1=" " ind2=" ">
    <subfield code="a">9 S.</subfield>
  </datafield>
  <datafield tag="490" ind1="0" ind2=" ">
    <subfield code="a">Brookings Research Report</subfield>
    <subfield code="v">107</subfield>
  </datafield>
  <datafield tag="500" ind1=" " ind2=" ">
    <subfield code="a">Aus: Governments against poverty. By Joseph A. Kershaw</subfield>
  </datafield>
  <datafield tag="960" ind1="1" ind2=" ">
    <subfield code="b">uoov</subfield>
  </datafield>
  <datafield tag="960" ind1="1" ind2=" ">
    <subfield code="o">retro</subfield>
  </datafield>
  <datafield tag="960" ind1=" " ind2="0">
    <subfield code="a">(DE-605)HBZ01-007398310</subfield>
  </datafield>
  <datafield tag="924" ind1=" " ind2=" ">
    <subfield code="b">DE-Bo133</subfield>
    <subfield code="c">NRW</subfield>
  </datafield>
<datafield tag="690" ind1="H" ind2="D">
            <subfield code="8">YM</subfield>
            <subfield code="a">Wirtschaftswissenschaften : Internationaler Handel. Zahlungsbilanz und Wechselkurse</subfield>
            <subfield code="2">HSG-IFF</subfield>
        </datafield></record>