<record xmlns="http://www.loc.gov/MARC21/slim">
  <leader>02407cam a2200541   4500</leader>
  <controlfield tag="001">(DE-627)274754630</controlfield>
  <controlfield tag="003">DE-627</controlfield>
  <controlfield tag="005">20180717221930.0</controlfield>
  <controlfield tag="007">tu</controlfield>
  <controlfield tag="008">881011s1987    xx |||||      00| ||eng c</controlfield>
  <datafield tag="020" ind1=" " ind2=" ">
    <subfield code="a">0803927363</subfield>
  </datafield>
  <datafield tag="020" ind1=" " ind2=" ">
    <subfield code="a">0803927371</subfield>
  </datafield>
  <datafield tag="035" ind1=" " ind2=" ">
    <subfield code="a">(DE-627)274754630</subfield>
  </datafield>
  <datafield tag="035" ind1=" " ind2=" ">
    <subfield code="a">(DE-576)016511794</subfield>
  </datafield>
  <datafield tag="035" ind1=" " ind2=" ">
    <subfield code="a">(DE-599)GBV274754630</subfield>
  </datafield>
  <datafield tag="035" ind1=" " ind2=" ">
    <subfield code="a">(OCoLC)230931788</subfield>
  </datafield>
  <datafield tag="035" ind1=" " ind2=" ">
    <subfield code="a">(OCoLC)13792388</subfield>
  </datafield>
  <datafield tag="035" ind1=" " ind2=" ">
    <subfield code="a">(DE-604)8008260966</subfield>
  </datafield>
  <datafield tag="040" ind1=" " ind2=" ">
    <subfield code="a">DE-627</subfield>
    <subfield code="b">ger</subfield>
    <subfield code="c">DE-627</subfield>
    <subfield code="e">rakwb</subfield>
  </datafield>
  <datafield tag="041" ind1=" " ind2=" ">
    <subfield code="a">eng</subfield>
  </datafield>
  <datafield tag="082" ind1="0" ind2=" ">
    <subfield code="a">361.61</subfield>
  </datafield>
  <datafield tag="082" ind1="0" ind2=" ">
    <subfield code="a">361.6/1</subfield>
  </datafield>
  <datafield tag="084" ind1=" " ind2=" ">
    <subfield code="a">MD 7600</subfield>
    <subfield code="2">rvk</subfield>
  </datafield>
  <datafield tag="245" ind1="1" ind2="4">
    <subfield code="a">The politics of program evaluation</subfield>
    <subfield code="c">Dennis J. Palumbo, ed.</subfield>
  </datafield>
  <datafield tag="264" ind1=" " ind2="1">
    <subfield code="a">Newbury Park, Calif. [u.a.]</subfield>
    <subfield code="b">Sage Publ.</subfield>
    <subfield code="c">1987</subfield>
  </datafield>
  <datafield tag="300" ind1=" " ind2=" ">
    <subfield code="a">309 S.</subfield>
    <subfield code="b">Ill</subfield>
  </datafield>
  <datafield tag="336" ind1=" " ind2=" ">
    <subfield code="a">Text</subfield>
    <subfield code="b">txt</subfield>
    <subfield code="2">rdacontent</subfield>
  </datafield>
  <datafield tag="337" ind1=" " ind2=" ">
    <subfield code="a">ohne Hilfsmittel zu benutzen</subfield>
    <subfield code="b">n</subfield>
    <subfield code="2">rdamedia</subfield>
  </datafield>
  <datafield tag="338" ind1=" " ind2=" ">
    <subfield code="a">Band</subfield>
    <subfield code="b">nc</subfield>
    <subfield code="2">rdacarrier</subfield>
  </datafield>
  <datafield tag="490" ind1="1" ind2=" ">
    <subfield code="a">Sage Yearbooks in politics and public policy</subfield>
    <subfield code="v">15</subfield>
  </datafield>
  <datafield tag="591" ind1=" " ind2=" ">
    <subfield code="a">720 ff. bvb; 580 ff. bvb ; 720 ff. (DDC): GBV/LOC ; IMD-Felder und 1131 maschinell ergänzt (SWB)</subfield>
  </datafield>
  <datafield tag="655" ind1=" " ind2="7">
    <subfield code="a">Aufsatzsammlung</subfield>
    <subfield code="0">(DE-588)4143413-4</subfield>
    <subfield code="0">(DE-627)105605727</subfield>
    <subfield code="0">(DE-576)209726091</subfield>
    <subfield code="2">gnd-content</subfield>
  </datafield>
  <datafield tag="689" ind1="0" ind2="0">
    <subfield code="D">s</subfield>
    <subfield code="0">(DE-588)4076229-4</subfield>
    <subfield code="0">(DE-627)106083406</subfield>
    <subfield code="0">(DE-576)20920124X</subfield>
    <subfield code="a">Politische Wissenschaft</subfield>
    <subfield code="2">gnd</subfield>
  </datafield>
  <datafield tag="689" ind1="0" ind2="1">
    <subfield code="D">s</subfield>
    <subfield code="0">(DE-588)4153242-9</subfield>
    <subfield code="0">(DE-627)104805692</subfield>
    <subfield code="0">(DE-576)209801859</subfield>
    <subfield code="a">Evaluationsforschung</subfield>
    <subfield code="2">gnd</subfield>
  </datafield>
  <datafield tag="689" ind1="0" ind2=" ">
    <subfield code="5">DE-576</subfield>
  </datafield>
  <datafield tag="689" ind1="1" ind2="0">
    <subfield code="D">s</subfield>
    <subfield code="0">(DE-588)4115587-7</subfield>
    <subfield code="0">(DE-627)10581315X</subfield>
    <subfield code="0">(DE-576)209494492</subfield>
    <subfield code="a">Politische Planung</subfield>
    <subfield code="2">gnd</subfield>
  </datafield>
  <datafield tag="689" ind1="1" ind2="1">
    <subfield code="D">s</subfield>
    <subfield code="0">(DE-588)4153242-9</subfield>
    <subfield code="0">(DE-627)104805692</subfield>
    <subfield code="0">(DE-576)209801859</subfield>
    <subfield code="a">Evaluationsforschung</subfield>
    <subfield code="2">gnd</subfield>
  </datafield>
  <datafield tag="689" ind1="1" ind2=" ">
    <subfield code="5">DE-576</subfield>
  </datafield>
  <datafield tag="700" ind1="1" ind2=" ">
    <subfield code="a">Palumbo, Dennis J.</subfield>
    <subfield code="e">Hrsg.</subfield>
    <subfield code="4">edt</subfield>
  </datafield>
  <datafield tag="830" ind1=" " ind2="0">
    <subfield code="a">Sage yearbooks in politics and public policy</subfield>
    <subfield code="v">15</subfield>
    <subfield code="9">1500</subfield>
    <subfield code="w">(DE-627)129451223</subfield>
    <subfield code="w">(DE-576)00839833X</subfield>
    <subfield code="w">(DE-600)197740-4</subfield>
    <subfield code="x">0275-5297</subfield>
  </datafield>
  <datafield tag="924" ind1="0" ind2=" ">
    <subfield code="a">021882592</subfield>
    <subfield code="b">DE-1a</subfield>
    <subfield code="c">GBV</subfield>
    <subfield code="d">c</subfield>
    <subfield code="g">1 A 16329</subfield>
    <subfield code="h">2</subfield>
  </datafield>
  <datafield tag="924" ind1="0" ind2=" ">
    <subfield code="a">3303668663</subfield>
    <subfield code="b">DE-21-58</subfield>
    <subfield code="9">21/58</subfield>
    <subfield code="c">BSZ</subfield>
    <subfield code="d">b</subfield>
    <subfield code="g">D XV 1</subfield>
    <subfield code="9">p</subfield>
  </datafield>
  <datafield tag="924" ind1="0" ind2=" ">
    <subfield code="a">3303668736</subfield>
    <subfield code="b">DE-25</subfield>
    <subfield code="9">25</subfield>
    <subfield code="c">BSZ</subfield>
    <subfield code="d">c</subfield>
    <subfield code="g">GE 90/7840</subfield>
  </datafield>
  <datafield tag="924" ind1="0" ind2=" ">
    <subfield code="a">3303668752</subfield>
    <subfield code="b">DE-352</subfield>
    <subfield code="9">352</subfield>
    <subfield code="c">BSZ</subfield>
    <subfield code="d">c</subfield>
    <subfield code="g">pol 650/p15a</subfield>
  </datafield>
  <datafield tag="924" ind1="0" ind2=" ">
    <subfield code="a">330366885X</subfield>
    <subfield code="b">DE-180</subfield>
    <subfield code="9">180</subfield>
    <subfield code="c">BSZ</subfield>
    <subfield code="d">d</subfield>
    <subfield code="g">400 MD 7600 P184</subfield>
    <subfield code="h">400</subfield>
  </datafield>
  <datafield tag="924" ind1="0" ind2=" ">
    <subfield code="a">3303668906</subfield>
    <subfield code="b">DE-Sp3</subfield>
    <subfield code="9">Sp 3</subfield>
    <subfield code="c">BSZ</subfield>
    <subfield code="d">b</subfield>
    <subfield code="9">p</subfield>
  </datafield>
  <datafield tag="935" ind1=" " ind2=" ">
    <subfield code="i">Blocktest</subfield>
  </datafield>
  <datafield tag="936" ind1="r" ind2="v">
    <subfield code="a">MD 7600</subfield>
    <subfield code="b">Politische Planung</subfield>
    <subfield code="k">Politologie</subfield>
    <subfield code="k">Politische Theorie, Grundbegriffe des Politischen</subfield>
    <subfield code="k">Politische Entscheidungslehre</subfield>
    <subfield code="k">Politische Planung</subfield>
    <subfield code="0">1271425858</subfield>
    <subfield code="0">(DE-627)1271425858</subfield>
    <subfield code="0">(DE-576)201425858</subfield>
    <subfield code="0">(DE-625)rvk/122544:</subfield>
  </datafield>
<datafield tag="690" ind1="H" ind2="D">
            <subfield code="8">YQ</subfield>
            <subfield code="a">Wirtschaftswissenschaften : Spezielle Betriebswirtschaftslehren</subfield>
            <subfield code="2">HSG-IFF</subfield>
        </datafield></record>