<record xmlns="http://www.loc.gov/MARC21/slim">
  <leader>01689cam a2200397   4500</leader>
  <controlfield tag="001">(DE-627)232026610</controlfield>
  <controlfield tag="003">DE-627</controlfield>
  <controlfield tag="005">20130214110231.0</controlfield>
  <controlfield tag="007">tu</controlfield>
  <controlfield tag="008">970812s1997    xx |||||      00| ||eng c</controlfield>
  <datafield tag="020" ind1=" " ind2=" ">
    <subfield code="a">9041104771</subfield>
    <subfield code="c">pbk.</subfield>
  </datafield>
  <datafield tag="035" ind1=" " ind2=" ">
    <subfield code="a">(DE-627)232026610</subfield>
  </datafield>
  <datafield tag="035" ind1=" " ind2=" ">
    <subfield code="a">(DE-599)GBV232026610</subfield>
  </datafield>
  <datafield tag="035" ind1=" " ind2=" ">
    <subfield code="a">(OCoLC)632540729</subfield>
  </datafield>
  <datafield tag="040" ind1=" " ind2=" ">
    <subfield code="a">DE-627</subfield>
    <subfield code="b">ger</subfield>
    <subfield code="c">DE-627</subfield>
    <subfield code="e">rakwb</subfield>
  </datafield>
  <datafield tag="041" ind1=" " ind2=" ">
    <subfield code="a">eng</subfield>
  </datafield>
  <datafield tag="044" ind1=" " ind2=" ">
    <subfield code="c">XA-NL</subfield>
  </datafield>
  <datafield tag="050" ind1=" " ind2="0">
    <subfield code="a">K4544</subfield>
  </datafield>
  <datafield tag="082" ind1="0" ind2=" ">
    <subfield code="a">346/.066</subfield>
  </datafield>
  <datafield tag="084" ind1=" " ind2=" ">
    <subfield code="a">86.73</subfield>
    <subfield code="9">Steuerrecht</subfield>
    <subfield code="2">bkl</subfield>
  </datafield>
  <datafield tag="084" ind1=" " ind2=" ">
    <subfield code="a">86.10</subfield>
    <subfield code="9">Recht einzelner Länder, Gebiete und Völker</subfield>
    <subfield code="2">bkl</subfield>
  </datafield>
  <datafield tag="245" ind1="1" ind2="4">
    <subfield code="a">The influence of corporate law and accounting principles in determining taxable income</subfield>
    <subfield code="b">proceedings of a seminar held in Geneva in 1996 during the 50th Congress of the International Fiscal Association</subfield>
    <subfield code="c">International Fiscal Association</subfield>
  </datafield>
  <datafield tag="264" ind1=" " ind2="1">
    <subfield code="a">The Hague</subfield>
    <subfield code="a">Boston</subfield>
    <subfield code="b">Kluwer Law International</subfield>
    <subfield code="c">c 1997</subfield>
  </datafield>
  <datafield tag="300" ind1=" " ind2=" ">
    <subfield code="a">ix, 64 p</subfield>
    <subfield code="c">21 cm</subfield>
  </datafield>
  <datafield tag="336" ind1=" " ind2=" ">
    <subfield code="a">Text</subfield>
    <subfield code="b">txt</subfield>
    <subfield code="2">rdacontent</subfield>
  </datafield>
  <datafield tag="337" ind1=" " ind2=" ">
    <subfield code="a">ohne Hilfsmittel zu benutzen</subfield>
    <subfield code="b">n</subfield>
    <subfield code="2">rdamedia</subfield>
  </datafield>
  <datafield tag="338" ind1=" " ind2=" ">
    <subfield code="a">Band</subfield>
    <subfield code="b">nc</subfield>
    <subfield code="2">rdacarrier</subfield>
  </datafield>
  <datafield tag="490" ind1="1" ind2=" ">
    <subfield code="a">IFA congress seminar series</subfield>
    <subfield code="v">21,b</subfield>
  </datafield>
  <datafield tag="500" ind1=" " ind2=" ">
    <subfield code="a">Includes bibliographical references.</subfield>
  </datafield>
  <datafield tag="653" ind1=" " ind2="0">
    <subfield code="a">Corporations</subfield>
    <subfield code="x">Taxation</subfield>
    <subfield code="x">Law and legislation</subfield>
    <subfield code="x">Congresses</subfield>
  </datafield>
  <datafield tag="653" ind1=" " ind2="0">
    <subfield code="a">Corporation law</subfield>
    <subfield code="x">Congresses</subfield>
  </datafield>
  <datafield tag="653" ind1=" " ind2="0">
    <subfield code="a">Accounting</subfield>
    <subfield code="x">Law and legislation</subfield>
    <subfield code="x">Congresses</subfield>
  </datafield>
  <datafield tag="710" ind1="2" ind2=" ">
    <subfield code="a">International Fiscal Association</subfield>
    <subfield code="0">(DE-588)36987-1</subfield>
    <subfield code="0">(DE-627)100847609</subfield>
    <subfield code="0">(DE-576)190349867</subfield>
  </datafield>
  <datafield tag="810" ind1="2" ind2=" ">
    <subfield code="a">International Fiscal Association</subfield>
    <subfield code="t">IFA congress seminar series</subfield>
    <subfield code="v">21,b</subfield>
    <subfield code="g">2102</subfield>
    <subfield code="w">(DE-627)167798766</subfield>
    <subfield code="w">(DE-576)006563228</subfield>
    <subfield code="0">(DE-600)577143-2</subfield>
  </datafield>
  <datafield tag="924" ind1="1" ind2=" ">
    <subfield code="a">401184277</subfield>
    <subfield code="b">DE-18</subfield>
    <subfield code="c">GBV</subfield>
    <subfield code="d">N</subfield>
    <subfield code="g">Z 517</subfield>
    <subfield code="i">18/261-iifs</subfield>
  </datafield>
  <datafield tag="924" ind1="1" ind2=" ">
    <subfield code="a">264601874</subfield>
    <subfield code="b">DE-700</subfield>
    <subfield code="c">GBV</subfield>
    <subfield code="d">L</subfield>
    <subfield code="g">QUU-c / Inf</subfield>
    <subfield code="i">J-FS</subfield>
  </datafield>
<datafield tag="690" ind1="H" ind2="D">
            <subfield code="8">KA</subfield>
            <subfield code="a">Ausländisches Steuerrecht : Staatenverbände, Staatengruppen</subfield>
            <subfield code="2">HSG-IFF</subfield>
        </datafield></record>