<record xmlns="http://www.loc.gov/MARC21/slim">
  <leader>00948caa a22002532  4500</leader>
  <controlfield tag="001">(DE-627)394044207</controlfield>
  <controlfield tag="003">DE-627</controlfield>
  <controlfield tag="005">20170913192722.0</controlfield>
  <controlfield tag="007">tu</controlfield>
  <controlfield tag="008">040914s1980    xx |||||      00| ||und c</controlfield>
  <datafield tag="035" ind1=" " ind2=" ">
    <subfield code="a">(DE-627)394044207</subfield>
  </datafield>
  <datafield tag="035" ind1=" " ind2=" ">
    <subfield code="a">(DE-599)GBV394044207</subfield>
  </datafield>
  <datafield tag="040" ind1=" " ind2=" ">
    <subfield code="a">DE-627</subfield>
    <subfield code="b">ger</subfield>
    <subfield code="c">DE-627</subfield>
    <subfield code="e">rakwb</subfield>
  </datafield>
  <datafield tag="100" ind1="1" ind2=" ">
    <subfield code="a">Kappel, Rolf</subfield>
  </datafield>
  <datafield tag="245" ind1="1" ind2="0">
    <subfield code="a">Mögliche Entwicklungen der Weltbevölkerung</subfield>
    <subfield code="b">eine Analyse der Hypothesen und Prognosen zweier Weltmodelle im Kontext konventioneller Prognoseverfahren</subfield>
    <subfield code="c">Rolf Kappel und Ulrich Widmaier</subfield>
  </datafield>
  <datafield tag="264" ind1=" " ind2="1">
    <subfield code="c">1980</subfield>
  </datafield>
  <datafield tag="336" ind1=" " ind2=" ">
    <subfield code="a">Text</subfield>
    <subfield code="b">txt</subfield>
    <subfield code="2">rdacontent</subfield>
  </datafield>
  <datafield tag="337" ind1=" " ind2=" ">
    <subfield code="a">ohne Hilfsmittel zu benutzen</subfield>
    <subfield code="b">n</subfield>
    <subfield code="2">rdamedia</subfield>
  </datafield>
  <datafield tag="338" ind1=" " ind2=" ">
    <subfield code="a">Band</subfield>
    <subfield code="b">nc</subfield>
    <subfield code="2">rdacarrier</subfield>
  </datafield>
  <datafield tag="700" ind1="1" ind2=" ">
    <subfield code="a">Widmaier, Ulrich</subfield>
    <subfield code="4">aut</subfield>
  </datafield>
  <datafield tag="773" ind1="0" ind2="8">
    <subfield code="i">In</subfield>
    <subfield code="t">Weltmodellstudien</subfield>
    <subfield code="d">Königstein/Ts. : Hain, 1980</subfield>
    <subfield code="g">(1980), Seite 93-186</subfield>
    <subfield code="h">255 S</subfield>
    <subfield code="w">(DE-627)024942863</subfield>
    <subfield code="w">(DE-576)007704674</subfield>
    <subfield code="z">3445020329</subfield>
  </datafield>
  <datafield tag="924" ind1="1" ind2=" ">
    <subfield code="a">663800986</subfield>
    <subfield code="b">DE-206</subfield>
    <subfield code="c">GBV</subfield>
  </datafield>
  <datafield tag="935" ind1=" " ind2=" ">
    <subfield code="i">ZBWRetro</subfield>
  </datafield>
  <datafield tag="936" ind1="u" ind2="w">
    <subfield code="j">1980</subfield>
    <subfield code="h">93-186</subfield>
  </datafield>
<datafield tag="690" ind1="H" ind2="D">
            <subfield code="8">YN</subfield>
            <subfield code="a">Wirtschaftswissenschaften : Konjunkturschwankungen, Stabilitätspolitik</subfield>
            <subfield code="2">HSG-IFF</subfield>
        </datafield></record>