<record xmlns="http://www.loc.gov/MARC21/slim">
  <leader>01762nam a2200469uu 4500</leader>
  <controlfield tag="001">(DE-602)kobvindex_ZLB12450617</controlfield>
  <controlfield tag="003">DE-602</controlfield>
  <controlfield tag="005">20170802232442.0</controlfield>
  <controlfield tag="007">tu</controlfield>
  <controlfield tag="008">000606s2000    ||||||||||||||||||||ger||</controlfield>
  <datafield tag="015" ind1=" " ind2=" ">
    <subfield code="a">00,A24,0618</subfield>
  </datafield>
  <datafield tag="016" ind1="7" ind2=" ">
    <subfield code="a">95.762792.0</subfield>
    <subfield code="2">DE-101</subfield>
  </datafield>
  <datafield tag="020" ind1=" " ind2=" ">
    <subfield code="a">3727298510</subfield>
    <subfield code="9">3-7272-9851-0</subfield>
  </datafield>
  <datafield tag="035" ind1=" " ind2=" ">
    <subfield code="a">(DE-101)957627920</subfield>
  </datafield>
  <datafield tag="041" ind1=" " ind2=" ">
    <subfield code="a">ger</subfield>
  </datafield>
  <datafield tag="049" ind1=" " ind2=" ">
    <subfield code="a">DE-609;12450617</subfield>
  </datafield>
  <datafield tag="035" ind1=" " ind2=" ">
    <subfield code="a">(DE-599)KBVZLB12450617</subfield>
  </datafield>
  <datafield tag="040" ind1=" " ind2=" ">
    <subfield code="a">DE-602</subfield>
  </datafield>
  <datafield tag="100" ind1="1" ind2=" ">
    <subfield code="a">Woywode, Uwe</subfield>
    <subfield code="0">(DE-609)12136606</subfield>
    <subfield code="4">aut</subfield>
  </datafield>
  <datafield tag="245" ind1="1" ind2="0">
    <subfield code="a">Wörterbuch Rechnungslegung und Steuern</subfield>
    <subfield code="b">einschliesslich wichtiger Rechts- und Finanzterminologie ; Deutsch-Englisch, Englisch-Deutsch</subfield>
    <subfield code="c">von Uwe Woywode</subfield>
  </datafield>
  <datafield tag="250" ind1=" " ind2=" ">
    <subfield code="a">1</subfield>
  </datafield>
  <datafield tag="260" ind1="3" ind2=" ">
    <subfield code="a">Bern</subfield>
    <subfield code="b">Stämpfli</subfield>
    <subfield code="c">2000</subfield>
  </datafield>
  <datafield tag="300" ind1=" " ind2=" ">
    <subfield code="a">X, 693  Seiten</subfield>
    <subfield code="c">18 cm</subfield>
  </datafield>
  <datafield tag="650" ind1=" " ind2="7">
    <subfield code="a">Rechnungslegung</subfield>
    <subfield code="0">(DE-609)00107634</subfield>
    <subfield code="0">(DE-588)4128343-0</subfield>
    <subfield code="2">gnd</subfield>
  </datafield>
  <datafield tag="650" ind1=" " ind2="7">
    <subfield code="a">Steuer</subfield>
    <subfield code="0">(DE-609)00106972</subfield>
    <subfield code="0">(DE-588)4057399-0</subfield>
    <subfield code="2">gnd</subfield>
  </datafield>
  <datafield tag="650" ind1=" " ind2="7">
    <subfield code="a">Englisch</subfield>
    <subfield code="0">(DE-609)00002957</subfield>
    <subfield code="0">(DE-588)4014777-0</subfield>
    <subfield code="2">gnd</subfield>
  </datafield>
  <datafield tag="650" ind1=" " ind2="7">
    <subfield code="a">Deutsch</subfield>
    <subfield code="0">(DE-609)00002562</subfield>
    <subfield code="0">(DE-588)4113292-0</subfield>
    <subfield code="2">gnd</subfield>
  </datafield>
  <datafield tag="655" ind1=" " ind2="7">
    <subfield code="a">Wörterbuch</subfield>
    <subfield code="0">(DE-609)00002958</subfield>
    <subfield code="2">local</subfield>
  </datafield>
  <datafield tag="655" ind1=" " ind2="7">
    <subfield code="a">Wörterbuch</subfield>
    <subfield code="g">mehrsprachig</subfield>
    <subfield code="0">(DE-609)00406625</subfield>
    <subfield code="2">local</subfield>
  </datafield>
  <datafield tag="689" ind1=" " ind2=" ">
    <subfield code="0">(DE-588)4128343-0</subfield>
    <subfield code="D">s</subfield>
    <subfield code="a">Rechnungslegung</subfield>
  </datafield>
  <datafield tag="689" ind1=" " ind2=" ">
    <subfield code="A">s</subfield>
    <subfield code="a">Wörterbuch &lt;mehrsprachig&gt;</subfield>
    <subfield code="5">DE-101</subfield>
  </datafield>
  <datafield tag="689" ind1=" " ind2=" ">
    <subfield code="0">(DE-588)4014777-0</subfield>
    <subfield code="D">s</subfield>
    <subfield code="a">Englisch</subfield>
  </datafield>
  <datafield tag="689" ind1=" " ind2=" ">
    <subfield code="A">s</subfield>
    <subfield code="a">Wörterbuch</subfield>
  </datafield>
  <datafield tag="689" ind1=" " ind2=" ">
    <subfield code="0">(DE-588)4128343-0</subfield>
    <subfield code="D">s</subfield>
    <subfield code="a">Rechnungslegung</subfield>
  </datafield>
  <datafield tag="689" ind1=" " ind2=" ">
    <subfield code="0">(DE-588)4113292-0</subfield>
    <subfield code="D">s</subfield>
    <subfield code="a">Deutsch</subfield>
    <subfield code="5">DE-101</subfield>
  </datafield>
  <datafield tag="689" ind1=" " ind2=" ">
    <subfield code="0">(DE-588)4057399-0</subfield>
    <subfield code="D">s</subfield>
    <subfield code="a">Steuer</subfield>
  </datafield>
  <datafield tag="689" ind1=" " ind2=" ">
    <subfield code="A">s</subfield>
    <subfield code="a">Wörterbuch &lt;mehrsprachig&gt;</subfield>
    <subfield code="5">DE-101</subfield>
  </datafield>
  <datafield tag="689" ind1=" " ind2=" ">
    <subfield code="0">(DE-588)4014777-0</subfield>
    <subfield code="D">s</subfield>
    <subfield code="a">Englisch</subfield>
  </datafield>
  <datafield tag="689" ind1=" " ind2=" ">
    <subfield code="A">s</subfield>
    <subfield code="a">Wörterbuch</subfield>
  </datafield>
  <datafield tag="689" ind1=" " ind2=" ">
    <subfield code="0">(DE-588)4057399-0</subfield>
    <subfield code="D">s</subfield>
    <subfield code="a">Steuer</subfield>
  </datafield>
  <datafield tag="689" ind1=" " ind2=" ">
    <subfield code="0">(DE-588)4113292-0</subfield>
    <subfield code="D">s</subfield>
    <subfield code="a">Deutsch</subfield>
    <subfield code="5">DE-101</subfield>
  </datafield>
  <datafield tag="924" ind1=" " ind2=" ">
    <subfield code="a">12450617</subfield>
    <subfield code="b">DE-609</subfield>
    <subfield code="c">KOBV</subfield>
    <subfield code="d">l</subfield>
    <subfield code="c">KOBV</subfield>
  </datafield>
<datafield tag="690" ind1="H" ind2="D">
            <subfield code="8">JA</subfield>
            <subfield code="a">Allgemeine Steuerrechtsliteratur : Allgemeines, Lehrbücher</subfield>
            <subfield code="2">HSG-IFF</subfield>
        </datafield></record>