<record xmlns="http://www.loc.gov/MARC21/slim">
  <leader>00896cab a22002532  4500</leader>
  <controlfield tag="001">(DE-627)394937333</controlfield>
  <controlfield tag="003">DE-627</controlfield>
  <controlfield tag="005">20170909105938.0</controlfield>
  <controlfield tag="007">tu</controlfield>
  <controlfield tag="008">040927s1966    xx und c</controlfield>
  <datafield tag="035" ind1=" " ind2=" ">
    <subfield code="a">(DE-627)394937333</subfield>
  </datafield>
  <datafield tag="035" ind1=" " ind2=" ">
    <subfield code="a">(DE-599)GBV394937333</subfield>
  </datafield>
  <datafield tag="040" ind1=" " ind2=" ">
    <subfield code="a">DE-627</subfield>
    <subfield code="b">ger</subfield>
    <subfield code="c">DE-627</subfield>
    <subfield code="e">rakwb</subfield>
  </datafield>
  <datafield tag="100" ind1="1" ind2=" ">
    <subfield code="a">Kneschaurek, Francesco</subfield>
  </datafield>
  <datafield tag="245" ind1="1" ind2="0">
    <subfield code="a">Wirtschaftliches Wachstum und öffentliche Finanzwirtschaft</subfield>
    <subfield code="b">Referat geh. am 12.12.1966</subfield>
    <subfield code="c">Francesco Kneschaurek</subfield>
  </datafield>
  <datafield tag="264" ind1=" " ind2="1">
    <subfield code="c">1966</subfield>
  </datafield>
  <datafield tag="336" ind1=" " ind2=" ">
    <subfield code="a">Text</subfield>
    <subfield code="b">txt</subfield>
    <subfield code="2">rdacontent</subfield>
  </datafield>
  <datafield tag="337" ind1=" " ind2=" ">
    <subfield code="a">ohne Hilfsmittel zu benutzen</subfield>
    <subfield code="b">n</subfield>
    <subfield code="2">rdamedia</subfield>
  </datafield>
  <datafield tag="338" ind1=" " ind2=" ">
    <subfield code="a">Band</subfield>
    <subfield code="b">nc</subfield>
    <subfield code="2">rdacarrier</subfield>
  </datafield>
  <datafield tag="773" ind1="0" ind2="8">
    <subfield code="i">In</subfield>
    <subfield code="t">Wirtschaft und Recht</subfield>
    <subfield code="d">Zürich : Orell Füßli, 1949</subfield>
    <subfield code="g">18(1966), 4, Seite 209-237</subfield>
    <subfield code="w">(DE-627)129472972</subfield>
    <subfield code="w">(DE-600)202786-0</subfield>
    <subfield code="w">(DE-576)014843161</subfield>
    <subfield code="x">0043-6135</subfield>
  </datafield>
  <datafield tag="924" ind1="1" ind2=" ">
    <subfield code="a">1364348802</subfield>
    <subfield code="b">DE-46</subfield>
    <subfield code="c">GBV</subfield>
  </datafield>
  <datafield tag="924" ind1="1" ind2=" ">
    <subfield code="a">665912951</subfield>
    <subfield code="b">DE-206</subfield>
    <subfield code="c">GBV</subfield>
  </datafield>
  <datafield tag="935" ind1=" " ind2=" ">
    <subfield code="i">ZBWRetro</subfield>
  </datafield>
  <datafield tag="936" ind1="u" ind2="w">
    <subfield code="d">18</subfield>
    <subfield code="j">1966</subfield>
    <subfield code="e">4</subfield>
    <subfield code="h">209-237</subfield>
  </datafield>
<datafield tag="690" ind1="H" ind2="D">
            <subfield code="8">YN</subfield>
            <subfield code="a">Wirtschaftswissenschaften : Konjunkturschwankungen, Stabilitätspolitik</subfield>
            <subfield code="2">HSG-IFF</subfield>
        </datafield></record>