<record xmlns="http://www.loc.gov/MARC21/slim">
  <leader>02444cam a2200469   4500</leader>
  <controlfield tag="001">(DE-627)1605875570</controlfield>
  <controlfield tag="003">DE-627</controlfield>
  <controlfield tag="005">20180717134917.0</controlfield>
  <controlfield tag="007">tu</controlfield>
  <controlfield tag="008">850101s1977    xx |||||      00| ||und c</controlfield>
  <datafield tag="020" ind1=" " ind2=" ">
    <subfield code="a">0262021250</subfield>
  </datafield>
  <datafield tag="035" ind1=" " ind2=" ">
    <subfield code="a">(DE-627)1605875570</subfield>
  </datafield>
  <datafield tag="035" ind1=" " ind2=" ">
    <subfield code="a">(DE-576)005922070</subfield>
  </datafield>
  <datafield tag="035" ind1=" " ind2=" ">
    <subfield code="a">(DE-599)BSZ005922070</subfield>
  </datafield>
  <datafield tag="035" ind1=" " ind2=" ">
    <subfield code="a">(OCoLC)02646171</subfield>
  </datafield>
  <datafield tag="035" ind1=" " ind2=" ">
    <subfield code="a">(DE-604)8032524994</subfield>
  </datafield>
  <datafield tag="040" ind1=" " ind2=" ">
    <subfield code="a">DE-627</subfield>
    <subfield code="b">ger</subfield>
    <subfield code="c">DE-627</subfield>
    <subfield code="e">rakwb</subfield>
  </datafield>
  <datafield tag="082" ind1="0" ind2=" ">
    <subfield code="a">309.212</subfield>
  </datafield>
  <datafield tag="082" ind1="0" ind2=" ">
    <subfield code="a">309.2/12</subfield>
  </datafield>
  <datafield tag="084" ind1=" " ind2=" ">
    <subfield code="a">MG 70920</subfield>
    <subfield code="2">rvk</subfield>
  </datafield>
  <datafield tag="084" ind1=" " ind2=" ">
    <subfield code="a">PL 733</subfield>
    <subfield code="2">rvk</subfield>
  </datafield>
  <datafield tag="084" ind1=" " ind2=" ">
    <subfield code="a">MF 7400</subfield>
    <subfield code="2">rvk</subfield>
  </datafield>
  <datafield tag="100" ind1="1" ind2=" ">
    <subfield code="a">Bardach, Eugene</subfield>
  </datafield>
  <datafield tag="245" ind1="1" ind2="4">
    <subfield code="a">The implementation game</subfield>
    <subfield code="b">what happens after a bill becomes a law</subfield>
    <subfield code="c">Eugene Bardach</subfield>
  </datafield>
  <datafield tag="250" ind1=" " ind2=" ">
    <subfield code="a">2. print.</subfield>
  </datafield>
  <datafield tag="264" ind1=" " ind2="1">
    <subfield code="a">Cambridge, Mass.</subfield>
    <subfield code="b">MIT Pr.</subfield>
    <subfield code="c">1977</subfield>
  </datafield>
  <datafield tag="300" ind1=" " ind2=" ">
    <subfield code="a">322 S.</subfield>
  </datafield>
  <datafield tag="336" ind1=" " ind2=" ">
    <subfield code="a">Text</subfield>
    <subfield code="b">txt</subfield>
    <subfield code="2">rdacontent</subfield>
  </datafield>
  <datafield tag="337" ind1=" " ind2=" ">
    <subfield code="a">ohne Hilfsmittel zu benutzen</subfield>
    <subfield code="b">n</subfield>
    <subfield code="2">rdamedia</subfield>
  </datafield>
  <datafield tag="338" ind1=" " ind2=" ">
    <subfield code="a">Band</subfield>
    <subfield code="b">nc</subfield>
    <subfield code="2">rdacarrier</subfield>
  </datafield>
  <datafield tag="490" ind1="1" ind2=" ">
    <subfield code="a">MIT studies in american politics and public policy</subfield>
    <subfield code="v">1</subfield>
  </datafield>
  <datafield tag="591" ind1=" " ind2=" ">
    <subfield code="a">720 ff. bvb; 580 ff. bvb ; 720 ff. (DDC): GBV/LOC ; IMD-Felder und 1131 maschinell ergänzt (SWB)</subfield>
  </datafield>
  <datafield tag="689" ind1="0" ind2="0">
    <subfield code="D">s</subfield>
    <subfield code="0">(DE-588)4020660-9</subfield>
    <subfield code="0">(DE-627)106317172</subfield>
    <subfield code="0">(DE-576)208934340</subfield>
    <subfield code="a">Gesetz</subfield>
    <subfield code="2">gnd</subfield>
  </datafield>
  <datafield tag="689" ind1="0" ind2="1">
    <subfield code="D">s</subfield>
    <subfield code="0">(DE-588)4456788-1</subfield>
    <subfield code="0">(DE-627)229779867</subfield>
    <subfield code="0">(DE-576)212629476</subfield>
    <subfield code="a">Ausführung</subfield>
    <subfield code="2">gnd</subfield>
  </datafield>
  <datafield tag="689" ind1="0" ind2=" ">
    <subfield code="5">DE-576</subfield>
  </datafield>
  <datafield tag="689" ind1="1" ind2="0">
    <subfield code="D">g</subfield>
    <subfield code="0">(DE-588)4078704-7</subfield>
    <subfield code="0">(DE-627)106076612</subfield>
    <subfield code="0">(DE-576)209209682</subfield>
    <subfield code="a">USA</subfield>
    <subfield code="2">gnd</subfield>
  </datafield>
  <datafield tag="689" ind1="1" ind2="1">
    <subfield code="D">s</subfield>
    <subfield code="0">(DE-588)4113743-7</subfield>
    <subfield code="0">(DE-627)105827177</subfield>
    <subfield code="0">(DE-576)209478977</subfield>
    <subfield code="a">Gesundheitspolitik</subfield>
    <subfield code="2">gnd</subfield>
  </datafield>
  <datafield tag="689" ind1="1" ind2=" ">
    <subfield code="5">DE-576</subfield>
  </datafield>
  <datafield tag="924" ind1="1" ind2=" ">
    <subfield code="a">3115518544</subfield>
    <subfield code="b">DE-352</subfield>
    <subfield code="9">352</subfield>
    <subfield code="c">BSZ</subfield>
    <subfield code="d">c</subfield>
    <subfield code="g">pol 650/b17</subfield>
  </datafield>
  <datafield tag="936" ind1="r" ind2="v">
    <subfield code="a">MG 70920</subfield>
    <subfield code="b">Sozialpolitik, Gesundheitspolitik</subfield>
    <subfield code="k">Politologie</subfield>
    <subfield code="k">Politische Systeme einzelner Länder</subfield>
    <subfield code="k">Europa, Nordamerika</subfield>
    <subfield code="k">Nordamerika</subfield>
    <subfield code="k">USA</subfield>
    <subfield code="k">Einzelne politische Sachgebiete</subfield>
    <subfield code="k">Sozialpolitik, Gesundheitspolitik</subfield>
    <subfield code="0">1271510162</subfield>
    <subfield code="0">(DE-627)1271510162</subfield>
    <subfield code="0">(DE-576)201510162</subfield>
    <subfield code="0">(DE-625)rvk/122860:12224</subfield>
  </datafield>
  <datafield tag="936" ind1="r" ind2="v">
    <subfield code="a">PL 733</subfield>
    <subfield code="b">Sonstige Einzelprobleme</subfield>
    <subfield code="k">Rechtswissenschaft</subfield>
    <subfield code="k">Staatsrecht und Verfassungsgeschichte</subfield>
    <subfield code="k">Ausländisches Staats- und Verfassungsrecht</subfield>
    <subfield code="k">USA und Kanada</subfield>
    <subfield code="k">Sonstige Einzelprobleme</subfield>
    <subfield code="0">1271298236</subfield>
    <subfield code="0">(DE-627)1271298236</subfield>
    <subfield code="0">(DE-576)201298236</subfield>
    <subfield code="0">(DE-625)rvk/137269:</subfield>
  </datafield>
  <datafield tag="936" ind1="r" ind2="v">
    <subfield code="a">MF 7400</subfield>
    <subfield code="b">Verwaltungshandeln, -aufgaben (allgemein)</subfield>
    <subfield code="k">Politologie</subfield>
    <subfield code="k">Politische Systeme: einzelne Elemente</subfield>
    <subfield code="k">Verwaltung</subfield>
    <subfield code="k">Organisation, Struktur, Entscheidungsprozess, Subsidiaritätsprinzip</subfield>
    <subfield code="k">Verwaltungshandeln, -aufgaben (allgemein)</subfield>
    <subfield code="0">1271429594</subfield>
    <subfield code="0">(DE-627)1271429594</subfield>
    <subfield code="0">(DE-576)201429594</subfield>
    <subfield code="0">(DE-625)rvk/122779:</subfield>
  </datafield>
<datafield tag="690" ind1="H" ind2="D">
            <subfield code="8">YC</subfield>
            <subfield code="a">Wirtschaftswissenschaften : Wirtschaftstheorie, einschliesslich Geldtheorie</subfield>
            <subfield code="2">HSG-IFF</subfield>
        </datafield></record>