<record xmlns="http://www.loc.gov/MARC21/slim">
  <leader>02873cam a2200613   4500</leader>
  <controlfield tag="001">(DE-627)249404427</controlfield>
  <controlfield tag="003">DE-627</controlfield>
  <controlfield tag="005">20190302140949.0</controlfield>
  <controlfield tag="007">tu</controlfield>
  <controlfield tag="008">980929s1998    xx |||||      10| ||eng c</controlfield>
  <datafield tag="016" ind1="7" ind2=" ">
    <subfield code="a">9041196781</subfield>
    <subfield code="2">UK</subfield>
  </datafield>
  <datafield tag="020" ind1=" " ind2=" ">
    <subfield code="a">9041196781</subfield>
    <subfield code="c">: £77.00</subfield>
  </datafield>
  <datafield tag="020" ind1=" " ind2=" ">
    <subfield code="a">904119679X</subfield>
    <subfield code="c">series</subfield>
  </datafield>
  <datafield tag="035" ind1=" " ind2=" ">
    <subfield code="a">(DE-627)249404427</subfield>
  </datafield>
  <datafield tag="035" ind1=" " ind2=" ">
    <subfield code="a">(DE-599)GBV249404427</subfield>
  </datafield>
  <datafield tag="035" ind1=" " ind2=" ">
    <subfield code="a">(OCoLC)231775810</subfield>
  </datafield>
  <datafield tag="040" ind1=" " ind2=" ">
    <subfield code="a">DE-627</subfield>
    <subfield code="b">ger</subfield>
    <subfield code="c">DE-627</subfield>
    <subfield code="e">rakwb</subfield>
  </datafield>
  <datafield tag="041" ind1=" " ind2=" ">
    <subfield code="a">eng</subfield>
  </datafield>
  <datafield tag="044" ind1=" " ind2=" ">
    <subfield code="c">XA-NL</subfield>
    <subfield code="c">XA-GB</subfield>
    <subfield code="c">XD-US</subfield>
  </datafield>
  <datafield tag="050" ind1=" " ind2="0">
    <subfield code="a">KJE7114</subfield>
  </datafield>
  <datafield tag="082" ind1="0" ind2=" ">
    <subfield code="a">341.4844094</subfield>
  </datafield>
  <datafield tag="084" ind1=" " ind2=" ">
    <subfield code="a">86.73</subfield>
    <subfield code="2">bkl</subfield>
  </datafield>
  <datafield tag="084" ind1=" " ind2=" ">
    <subfield code="a">86.10</subfield>
    <subfield code="2">bkl</subfield>
  </datafield>
  <datafield tag="245" ind1="1" ind2="4">
    <subfield code="a">The compatibility of anti-abuse provisions in tax treaties with EC law</subfield>
    <subfield code="b">[... 13 March 1995, ... congress ...]</subfield>
    <subfield code="c">eds. Peter H.J. Essers; Guido J.M.E. de Bont; Eric C.C.M. Kemmeren</subfield>
  </datafield>
  <datafield tag="264" ind1=" " ind2="1">
    <subfield code="a">The Hague [u.a.]</subfield>
    <subfield code="b">Kluwer Law Internat.</subfield>
    <subfield code="c">1998</subfield>
  </datafield>
  <datafield tag="300" ind1=" " ind2=" ">
    <subfield code="a">xii, 293 S.</subfield>
    <subfield code="b">graph. Darst.</subfield>
    <subfield code="c">25 cm</subfield>
  </datafield>
  <datafield tag="336" ind1=" " ind2=" ">
    <subfield code="a">Text</subfield>
    <subfield code="b">txt</subfield>
    <subfield code="2">rdacontent</subfield>
  </datafield>
  <datafield tag="337" ind1=" " ind2=" ">
    <subfield code="a">ohne Hilfsmittel zu benutzen</subfield>
    <subfield code="b">n</subfield>
    <subfield code="2">rdamedia</subfield>
  </datafield>
  <datafield tag="338" ind1=" " ind2=" ">
    <subfield code="a">Band</subfield>
    <subfield code="b">nc</subfield>
    <subfield code="2">rdacarrier</subfield>
  </datafield>
  <datafield tag="490" ind1="1" ind2=" ">
    <subfield code="a">EUCOTAX series on European taxation</subfield>
    <subfield code="v">1</subfield>
  </datafield>
  <datafield tag="500" ind1=" " ind2=" ">
    <subfield code="a">Includes index.</subfield>
  </datafield>
  <datafield tag="653" ind1=" " ind2="0">
    <subfield code="a">Double taxation</subfield>
    <subfield code="a">European Union countries</subfield>
  </datafield>
  <datafield tag="653" ind1=" " ind2="0">
    <subfield code="a">Tax evasion</subfield>
    <subfield code="a">European Union countries</subfield>
  </datafield>
  <datafield tag="653" ind1=" " ind2="0">
    <subfield code="a">Capital movements</subfield>
    <subfield code="a">Law and legislation</subfield>
    <subfield code="a">European Union countries</subfield>
  </datafield>
  <datafield tag="653" ind1=" " ind2="0">
    <subfield code="a">Double taxation</subfield>
    <subfield code="a">Europe</subfield>
  </datafield>
  <datafield tag="653" ind1=" " ind2="0">
    <subfield code="a">Tax evasion</subfield>
    <subfield code="a">Europe</subfield>
  </datafield>
  <datafield tag="655" ind1=" " ind2="7">
    <subfield code="a">Aufsatzsammlung</subfield>
    <subfield code="0">(DE-588)4143413-4</subfield>
    <subfield code="0">(DE-627)105605727</subfield>
    <subfield code="0">(DE-576)209726091</subfield>
    <subfield code="2">gnd-content</subfield>
  </datafield>
  <datafield tag="655" ind1=" " ind2="7">
    <subfield code="a">Konferenzschrift</subfield>
    <subfield code="0">(DE-588)1071861417</subfield>
    <subfield code="0">(DE-627)826484824</subfield>
    <subfield code="0">(DE-576)433375485</subfield>
    <subfield code="2">gnd-content</subfield>
  </datafield>
  <datafield tag="689" ind1="0" ind2="0">
    <subfield code="D">b</subfield>
    <subfield code="0">(DE-588)5098525-5</subfield>
    <subfield code="0">(DE-627)132918269</subfield>
    <subfield code="0">(DE-576)194702391</subfield>
    <subfield code="a">Europäische Union</subfield>
    <subfield code="2">gnd</subfield>
  </datafield>
  <datafield tag="689" ind1="0" ind2="1">
    <subfield code="D">s</subfield>
    <subfield code="0">(DE-588)4070544-4</subfield>
    <subfield code="0">(DE-627)104117109</subfield>
    <subfield code="0">(DE-576)209181362</subfield>
    <subfield code="a">Doppelbesteuerungsabkommen</subfield>
    <subfield code="2">gnd</subfield>
  </datafield>
  <datafield tag="689" ind1="0" ind2=" ">
    <subfield code="5">DE-576</subfield>
  </datafield>
  <datafield tag="700" ind1="1" ind2=" ">
    <subfield code="a">Essers, Peter H. J.</subfield>
    <subfield code="d">1957-</subfield>
    <subfield code="0">(DE-588)124146287</subfield>
    <subfield code="0">(DE-627)085667889</subfield>
    <subfield code="0">(DE-576)17880696X</subfield>
  </datafield>
  <datafield tag="700" ind1="1" ind2=" ">
    <subfield code="a">Bont, Guido de</subfield>
    <subfield code="0">(DE-588)124146333</subfield>
    <subfield code="0">(DE-627)085667900</subfield>
    <subfield code="0">(DE-576)294039570</subfield>
  </datafield>
  <datafield tag="700" ind1="1" ind2=" ">
    <subfield code="a">Kemmeren, Eric</subfield>
    <subfield code="d">1963-</subfield>
    <subfield code="0">(DE-588)124146376</subfield>
    <subfield code="0">(DE-627)085667935</subfield>
    <subfield code="0">(DE-576)294039600</subfield>
  </datafield>
  <datafield tag="810" ind1="2" ind2=" ">
    <subfield code="a">Eucotax</subfield>
    <subfield code="t">EUCOTAX series on European taxation</subfield>
    <subfield code="v">1</subfield>
    <subfield code="9">100</subfield>
    <subfield code="w">(DE-627)500325170</subfield>
    <subfield code="w">(DE-576)086440616</subfield>
    <subfield code="w">(DE-600)2204265-9</subfield>
  </datafield>
  <datafield tag="856" ind1="4" ind2="2">
    <subfield code="u">http://www.gbv.de/dms/spk/sbb/toc/249404427.pdf</subfield>
    <subfield code="m">DE-601</subfield>
    <subfield code="n">DE-1</subfield>
    <subfield code="q">pdf/application</subfield>
    <subfield code="y">Inhaltsverzeichnis</subfield>
    <subfield code="3">Inhaltsverzeichnis</subfield>
  </datafield>
  <datafield tag="924" ind1="0" ind2=" ">
    <subfield code="a">403061997</subfield>
    <subfield code="b">DE-1a</subfield>
    <subfield code="c">GBV</subfield>
    <subfield code="d">c</subfield>
    <subfield code="g">1 A 394799</subfield>
    <subfield code="h">2</subfield>
  </datafield>
  <datafield tag="924" ind1="0" ind2=" ">
    <subfield code="a">369660501</subfield>
    <subfield code="b">DE-18</subfield>
    <subfield code="c">GBV</subfield>
    <subfield code="d">d</subfield>
    <subfield code="g">INT 4.3.5.3.-19-</subfield>
    <subfield code="h">18/261-iifs</subfield>
  </datafield>
  <datafield tag="924" ind1="0" ind2=" ">
    <subfield code="a">356299821</subfield>
    <subfield code="b">DE-547</subfield>
    <subfield code="c">GBV</subfield>
    <subfield code="d">c</subfield>
    <subfield code="g">PP 2950 E78</subfield>
    <subfield code="h">LS</subfield>
  </datafield>
  <datafield tag="924" ind1="0" ind2=" ">
    <subfield code="a">863016146</subfield>
    <subfield code="b">DE-9</subfield>
    <subfield code="c">GBV</subfield>
    <subfield code="d">c</subfield>
    <subfield code="g">650/PP 2950 E78</subfield>
    <subfield code="h">UB 650</subfield>
  </datafield>
  <datafield tag="924" ind1="0" ind2=" ">
    <subfield code="a">319207625</subfield>
    <subfield code="b">DE-700</subfield>
    <subfield code="c">GBV</subfield>
    <subfield code="d">b</subfield>
    <subfield code="g">QUU-d / Com</subfield>
    <subfield code="h">J-FS</subfield>
  </datafield>
  <datafield tag="924" ind1="0" ind2=" ">
    <subfield code="a">34654081X</subfield>
    <subfield code="b">DE-700</subfield>
    <subfield code="c">GBV</subfield>
    <subfield code="d">c</subfield>
    <subfield code="g">PTN  C / Com</subfield>
    <subfield code="h">W</subfield>
  </datafield>
  <datafield tag="936" ind1="b" ind2="k">
    <subfield code="a">86.73</subfield>
    <subfield code="j">Steuerrecht</subfield>
    <subfield code="0">(DE-627)106413287</subfield>
  </datafield>
  <datafield tag="936" ind1="b" ind2="k">
    <subfield code="a">86.10</subfield>
    <subfield code="j">Recht einzelner Länder, Gebiete und Völker</subfield>
    <subfield code="0">(DE-627)106422499</subfield>
  </datafield>
<datafield tag="690" ind1="H" ind2="D">
            <subfield code="8">KA</subfield>
            <subfield code="a">Ausländisches Steuerrecht : Staatenverbände, Staatengruppen</subfield>
            <subfield code="2">HSG-IFF</subfield>
        </datafield></record>