<record xmlns="http://www.loc.gov/MARC21/slim">
  <leader>03615cam a2200697  b4500</leader>
  <controlfield tag="001">(DE-627)1084237431</controlfield>
  <controlfield tag="003">DE-627</controlfield>
  <controlfield tag="005">20180717214945.0</controlfield>
  <controlfield tag="007">tu</controlfield>
  <controlfield tag="008">880627s1988    xx ||||| t    00| ||eng c</controlfield>
  <datafield tag="020" ind1=" " ind2=" ">
    <subfield code="a">9282586103</subfield>
  </datafield>
  <datafield tag="035" ind1=" " ind2=" ">
    <subfield code="a">(DE-627)1084237431</subfield>
  </datafield>
  <datafield tag="035" ind1=" " ind2=" ">
    <subfield code="a">(DE-576)014237431</subfield>
  </datafield>
  <datafield tag="035" ind1=" " ind2=" ">
    <subfield code="a">(DE-599)BSZ014237431</subfield>
  </datafield>
  <datafield tag="035" ind1=" " ind2=" ">
    <subfield code="a">(OCoLC)18248054</subfield>
  </datafield>
  <datafield tag="035" ind1=" " ind2=" ">
    <subfield code="a">(DE-604)8036778257</subfield>
  </datafield>
  <datafield tag="035" ind1=" " ind2=" ">
    <subfield code="a">(DE-615)00025877</subfield>
  </datafield>
  <datafield tag="040" ind1=" " ind2=" ">
    <subfield code="a">DE-627</subfield>
    <subfield code="b">ger</subfield>
    <subfield code="c">DE-627</subfield>
    <subfield code="e">rakwb</subfield>
  </datafield>
  <datafield tag="041" ind1=" " ind2=" ">
    <subfield code="a">eng</subfield>
  </datafield>
  <datafield tag="082" ind1="0" ind2=" ">
    <subfield code="a">337.142</subfield>
  </datafield>
  <datafield tag="084" ind1=" " ind2=" ">
    <subfield code="a">QM 420</subfield>
    <subfield code="2">rvk</subfield>
  </datafield>
  <datafield tag="084" ind1=" " ind2=" ">
    <subfield code="a">SH07</subfield>
    <subfield code="2">FIV</subfield>
  </datafield>
  <datafield tag="084" ind1=" " ind2=" ">
    <subfield code="a">RA01.01</subfield>
    <subfield code="2">FIV</subfield>
  </datafield>
  <datafield tag="088" ind1=" " ind2=" ">
    <subfield code="a">CB-PP-88-D14-EN-C</subfield>
  </datafield>
  <datafield tag="100" ind1="1" ind2=" ">
    <subfield code="a">Nerb, Gernot</subfield>
  </datafield>
  <datafield tag="245" ind1="1" ind2="4">
    <subfield code="a">The completion of the internal market</subfield>
    <subfield code="b">a survey of European industry's perception of the likely effects</subfield>
    <subfield code="c">by Gernot Nerb</subfield>
  </datafield>
  <datafield tag="264" ind1=" " ind2="1">
    <subfield code="a">Luxemburg</subfield>
    <subfield code="b">Office for Official Publications of the European Communities</subfield>
    <subfield code="c">1988</subfield>
  </datafield>
  <datafield tag="300" ind1=" " ind2=" ">
    <subfield code="a">III, 303 S.</subfield>
    <subfield code="b">graph. Darst.</subfield>
  </datafield>
  <datafield tag="336" ind1=" " ind2=" ">
    <subfield code="a">Text</subfield>
    <subfield code="b">txt</subfield>
    <subfield code="2">rdacontent</subfield>
  </datafield>
  <datafield tag="337" ind1=" " ind2=" ">
    <subfield code="a">ohne Hilfsmittel zu benutzen</subfield>
    <subfield code="b">n</subfield>
    <subfield code="2">rdamedia</subfield>
  </datafield>
  <datafield tag="338" ind1=" " ind2=" ">
    <subfield code="a">Band</subfield>
    <subfield code="b">nc</subfield>
    <subfield code="2">rdacarrier</subfield>
  </datafield>
  <datafield tag="490" ind1="1" ind2=" ">
    <subfield code="a">Research on the "cost of Non-Europe"</subfield>
    <subfield code="v">3</subfield>
  </datafield>
  <datafield tag="591" ind1=" " ind2=" ">
    <subfield code="a">720 ff. bvb; 580 ff. bvb ; IMD-Felder und 1131 maschinell ergänzt (SWB)</subfield>
  </datafield>
  <datafield tag="650" ind1=" " ind2="4">
    <subfield code="a">Europäische Gemeinschaften</subfield>
    <subfield code="x">Gemeinsamer Markt</subfield>
    <subfield code="x">Wirtschaftliche Integrationspolitik</subfield>
    <subfield code="x">Marktzugang</subfield>
    <subfield code="x">Wirkung/Auswirkung</subfield>
    <subfield code="x">Wirtschaftsunternehmen</subfield>
    <subfield code="x">Marktanteil</subfield>
  </datafield>
  <datafield tag="650" ind1=" " ind2="4">
    <subfield code="a">Handelsschaffung</subfield>
    <subfield code="x">Wettbewerb</subfield>
    <subfield code="x">Unternehmenspolitik</subfield>
    <subfield code="x">Absatz</subfield>
    <subfield code="x">Wirtschaftswachstum</subfield>
    <subfield code="x">Internationaler Vergleich/Ländervergleich</subfield>
  </datafield>
  <datafield tag="655" ind1=" " ind2="7">
    <subfield code="a">Forschungsbericht</subfield>
    <subfield code="0">(DE-588)4155043-2</subfield>
    <subfield code="0">(DE-627)10467444X</subfield>
    <subfield code="0">(DE-576)209815833</subfield>
    <subfield code="2">gnd-content</subfield>
  </datafield>
  <datafield tag="689" ind1="0" ind2="0">
    <subfield code="D">b</subfield>
    <subfield code="0">(DE-588)35439-9</subfield>
    <subfield code="0">(DE-627)100818463</subfield>
    <subfield code="0">(DE-576)190339594</subfield>
    <subfield code="a">Europäische Gemeinschaften</subfield>
    <subfield code="2">gnd</subfield>
  </datafield>
  <datafield tag="689" ind1="0" ind2="1">
    <subfield code="D">s</subfield>
    <subfield code="0">(DE-588)4145576-9</subfield>
    <subfield code="0">(DE-627)10559010X</subfield>
    <subfield code="0">(DE-576)209742488</subfield>
    <subfield code="a">Binnenmarkt</subfield>
    <subfield code="2">gnd</subfield>
  </datafield>
  <datafield tag="689" ind1="0" ind2="2">
    <subfield code="D">s</subfield>
    <subfield code="0">(DE-588)4056995-0</subfield>
    <subfield code="0">(DE-627)106152955</subfield>
    <subfield code="0">(DE-576)209119799</subfield>
    <subfield code="a">Statistik</subfield>
    <subfield code="2">gnd</subfield>
  </datafield>
  <datafield tag="689" ind1="0" ind2=" ">
    <subfield code="5">DE-576</subfield>
  </datafield>
  <datafield tag="689" ind1="1" ind2="0">
    <subfield code="D">b</subfield>
    <subfield code="0">(DE-588)35439-9</subfield>
    <subfield code="0">(DE-627)100818463</subfield>
    <subfield code="0">(DE-576)190339594</subfield>
    <subfield code="a">Europäische Gemeinschaften</subfield>
    <subfield code="2">gnd</subfield>
  </datafield>
  <datafield tag="689" ind1="1" ind2="1">
    <subfield code="D">s</subfield>
    <subfield code="0">(DE-588)4145576-9</subfield>
    <subfield code="0">(DE-627)10559010X</subfield>
    <subfield code="0">(DE-576)209742488</subfield>
    <subfield code="a">Binnenmarkt</subfield>
    <subfield code="2">gnd</subfield>
  </datafield>
  <datafield tag="689" ind1="1" ind2=" ">
    <subfield code="5">DE-576</subfield>
  </datafield>
  <datafield tag="830" ind1=" " ind2="0">
    <subfield code="a">Research on the "cost of Non-Europe"</subfield>
    <subfield code="g">3</subfield>
    <subfield code="v">3</subfield>
    <subfield code="w">(DE-627)1084237164</subfield>
    <subfield code="w">(DE-576)014237164</subfield>
  </datafield>
  <datafield tag="924" ind1="0" ind2=" ">
    <subfield code="a">2107494673</subfield>
    <subfield code="b">DE-21-58</subfield>
    <subfield code="9">21/58</subfield>
    <subfield code="c">BSZ</subfield>
    <subfield code="d">b</subfield>
    <subfield code="g">K III gf 29</subfield>
    <subfield code="9">p</subfield>
  </datafield>
  <datafield tag="924" ind1="0" ind2=" ">
    <subfield code="a">2107494509</subfield>
    <subfield code="b">DE-25</subfield>
    <subfield code="9">25</subfield>
    <subfield code="c">BSZ</subfield>
    <subfield code="d">c</subfield>
    <subfield code="g">TX 89/179-3</subfield>
  </datafield>
  <datafield tag="924" ind1="0" ind2=" ">
    <subfield code="a">2107494622</subfield>
    <subfield code="b">DE-291</subfield>
    <subfield code="9">291</subfield>
    <subfield code="c">BSZ</subfield>
    <subfield code="d">c</subfield>
    <subfield code="g">4 73-6591:3</subfield>
  </datafield>
  <datafield tag="924" ind1="0" ind2=" ">
    <subfield code="a">2107494479</subfield>
    <subfield code="b">DE-14</subfield>
    <subfield code="9">14</subfield>
    <subfield code="c">BSZ</subfield>
    <subfield code="d">b</subfield>
    <subfield code="9">p</subfield>
  </datafield>
  <datafield tag="924" ind1="0" ind2=" ">
    <subfield code="a">2880932254</subfield>
    <subfield code="b">DE-180</subfield>
    <subfield code="9">180</subfield>
    <subfield code="c">BSZ</subfield>
    <subfield code="d">d</subfield>
    <subfield code="g">300 QM 420 R432-3</subfield>
    <subfield code="h">300</subfield>
  </datafield>
  <datafield tag="924" ind1="0" ind2=" ">
    <subfield code="a">2107494576</subfield>
    <subfield code="b">DE-93-59</subfield>
    <subfield code="9">93/59</subfield>
    <subfield code="c">BSZ</subfield>
    <subfield code="d">b</subfield>
    <subfield code="g">640-174</subfield>
    <subfield code="9">p</subfield>
  </datafield>
  <datafield tag="924" ind1="0" ind2=" ">
    <subfield code="a">2522329006</subfield>
    <subfield code="b">DE-93-104</subfield>
    <subfield code="9">93/104</subfield>
    <subfield code="c">BSZ</subfield>
    <subfield code="d">b</subfield>
    <subfield code="g">V 11.2/6-3</subfield>
    <subfield code="9">p</subfield>
  </datafield>
  <datafield tag="924" ind1="0" ind2=" ">
    <subfield code="a">2107494606</subfield>
    <subfield code="b">DE-100</subfield>
    <subfield code="9">100</subfield>
    <subfield code="c">BSZ</subfield>
    <subfield code="d">d</subfield>
    <subfield code="g">2552/121:3</subfield>
    <subfield code="h">31</subfield>
    <subfield code="9">p</subfield>
  </datafield>
  <datafield tag="924" ind1="0" ind2=" ">
    <subfield code="a">2985143950</subfield>
    <subfield code="b">DE-Lg3</subfield>
    <subfield code="9">Lg 3</subfield>
    <subfield code="c">BSZ</subfield>
    <subfield code="d">c</subfield>
    <subfield code="g">YC 720.NER</subfield>
  </datafield>
  <datafield tag="924" ind1="0" ind2=" ">
    <subfield code="a">2107494517</subfield>
    <subfield code="b">DE-951</subfield>
    <subfield code="9">951</subfield>
    <subfield code="c">BSZ</subfield>
    <subfield code="d">c</subfield>
    <subfield code="g">30730c</subfield>
  </datafield>
  <datafield tag="924" ind1="0" ind2=" ">
    <subfield code="a">2107494487</subfield>
    <subfield code="b">DE-Kh1</subfield>
    <subfield code="9">Kh 1</subfield>
    <subfield code="c">BSZ</subfield>
    <subfield code="d">c</subfield>
  </datafield>
  <datafield tag="924" ind1="0" ind2=" ">
    <subfield code="a">2758427850</subfield>
    <subfield code="b">DE-615</subfield>
    <subfield code="9">615</subfield>
    <subfield code="c">BSZ</subfield>
    <subfield code="d">b</subfield>
    <subfield code="9">p</subfield>
  </datafield>
  <datafield tag="924" ind1="0" ind2=" ">
    <subfield code="a">2808203632</subfield>
    <subfield code="b">DE-F131</subfield>
    <subfield code="9">F 131</subfield>
    <subfield code="c">BSZ</subfield>
    <subfield code="d">b</subfield>
    <subfield code="g">DG 30888:3</subfield>
    <subfield code="9">l</subfield>
  </datafield>
  <datafield tag="924" ind1="0" ind2=" ">
    <subfield code="a">2808203640</subfield>
    <subfield code="b">DE-B1567</subfield>
    <subfield code="9">B 1567</subfield>
    <subfield code="c">BSZ</subfield>
    <subfield code="d">d</subfield>
    <subfield code="g">CM 07903</subfield>
    <subfield code="9">n</subfield>
  </datafield>
  <datafield tag="924" ind1="0" ind2=" ">
    <subfield code="a">298434068X</subfield>
    <subfield code="b">DE-B1567</subfield>
    <subfield code="9">B 1567</subfield>
    <subfield code="c">BSZ</subfield>
    <subfield code="d">d</subfield>
    <subfield code="g">CM 07903</subfield>
    <subfield code="9">n</subfield>
  </datafield>
  <datafield tag="924" ind1="0" ind2=" ">
    <subfield code="a">2984383184</subfield>
    <subfield code="b">DE-F131</subfield>
    <subfield code="9">F 131</subfield>
    <subfield code="c">BSZ</subfield>
    <subfield code="d">b</subfield>
    <subfield code="g">DG 30888:3</subfield>
    <subfield code="9">l</subfield>
  </datafield>
  <datafield tag="936" ind1="r" ind2="v">
    <subfield code="a">QM 420</subfield>
    <subfield code="b">EWG bzw. EG. Montanunion</subfield>
    <subfield code="k">Wirtschaftswissenschaften</subfield>
    <subfield code="k">Internationaler Handel. Zahlungsbilanz und Wechselkurse</subfield>
    <subfield code="k">Zahlungsbilanz. Anpassungsmechanismus. Wechselkurs. Internationale Währungsordnung (überwiegend monetäre Aspekte)</subfield>
    <subfield code="k">Wirtschaftliche Integration. Zollunionen</subfield>
    <subfield code="k">EWG bzw. EG. Montanunion</subfield>
    <subfield code="0">1271357534</subfield>
    <subfield code="0">(DE-627)1271357534</subfield>
    <subfield code="0">(DE-576)201357534</subfield>
    <subfield code="0">(DE-625)141792:</subfield>
  </datafield>
<datafield tag="690" ind1="H" ind2="D">
            <subfield code="8">YL5</subfield>
            <subfield code="a">Wirtschaftswissenschaften : Finanzwissenschaft. Betriebswirtschaftliche Steuerlehre : Finanzwirtschaft supranationaler Behörden</subfield>
            <subfield code="2">HSG-IFF</subfield>
        </datafield><datafield tag="690" ind1="H" ind2="D">
            <subfield code="8">YM</subfield>
            <subfield code="a">Wirtschaftswissenschaften : Internationaler Handel. Zahlungsbilanz und Wechselkurse</subfield>
            <subfield code="2">HSG-IFF</subfield>
            </datafield></record>