<record xmlns="http://www.loc.gov/MARC21/slim">
  <leader>02641cam a2200613   4500</leader>
  <controlfield tag="001">(DE-627)018677118</controlfield>
  <controlfield tag="003">DE-627</controlfield>
  <controlfield tag="005">20190318042858.0</controlfield>
  <controlfield tag="007">tu</controlfield>
  <controlfield tag="008">890104s1988    xx |||||      00| ||eng c</controlfield>
  <datafield tag="016" ind1="7" ind2=" ">
    <subfield code="a">B8820617</subfield>
    <subfield code="2">UK</subfield>
  </datafield>
  <datafield tag="020" ind1=" " ind2=" ">
    <subfield code="a">0333442695</subfield>
  </datafield>
  <datafield tag="020" ind1=" " ind2=" ">
    <subfield code="a">0333442709</subfield>
  </datafield>
  <datafield tag="035" ind1=" " ind2=" ">
    <subfield code="a">(DE-627)018677118</subfield>
  </datafield>
  <datafield tag="035" ind1=" " ind2=" ">
    <subfield code="a">(DE-576)017831253</subfield>
  </datafield>
  <datafield tag="035" ind1=" " ind2=" ">
    <subfield code="a">(DE-599)GBV018677118</subfield>
  </datafield>
  <datafield tag="035" ind1=" " ind2=" ">
    <subfield code="a">(OCoLC)59099578</subfield>
  </datafield>
  <datafield tag="035" ind1=" " ind2=" ">
    <subfield code="a">(OCoLC)59099578</subfield>
  </datafield>
  <datafield tag="035" ind1=" " ind2=" ">
    <subfield code="a">(DE-604)8051501597</subfield>
  </datafield>
  <datafield tag="040" ind1=" " ind2=" ">
    <subfield code="a">DE-627</subfield>
    <subfield code="b">ger</subfield>
    <subfield code="c">DE-627</subfield>
    <subfield code="e">rakwb</subfield>
  </datafield>
  <datafield tag="041" ind1=" " ind2=" ">
    <subfield code="a">eng</subfield>
  </datafield>
  <datafield tag="044" ind1=" " ind2=" ">
    <subfield code="c">XA-GB</subfield>
  </datafield>
  <datafield tag="050" ind1=" " ind2="0">
    <subfield code="a">JS3091</subfield>
  </datafield>
  <datafield tag="082" ind1="0" ind2=" ">
    <subfield code="a">352.041</subfield>
  </datafield>
  <datafield tag="084" ind1=" " ind2=" ">
    <subfield code="a">3,7</subfield>
    <subfield code="2">ssgn</subfield>
  </datafield>
  <datafield tag="084" ind1=" " ind2=" ">
    <subfield code="a">MG 42767</subfield>
    <subfield code="2">rvk</subfield>
  </datafield>
  <datafield tag="100" ind1="1" ind2=" ">
    <subfield code="a">Stoker, Gerry</subfield>
    <subfield code="d">1955-</subfield>
    <subfield code="0">(DE-588)141952598</subfield>
    <subfield code="0">(DE-627)63254046X</subfield>
    <subfield code="0">(DE-576)165579595</subfield>
  </datafield>
  <datafield tag="245" ind1="1" ind2="4">
    <subfield code="a">The politics of local government</subfield>
    <subfield code="c">Gerry Stoker</subfield>
  </datafield>
  <datafield tag="264" ind1=" " ind2="1">
    <subfield code="a">Basingstoke u.a.</subfield>
    <subfield code="b">Macmillan Education</subfield>
    <subfield code="c">1988</subfield>
  </datafield>
  <datafield tag="300" ind1=" " ind2=" ">
    <subfield code="a">XVII, 294 S.</subfield>
    <subfield code="b">graph. Darst.</subfield>
    <subfield code="c">22 cm</subfield>
  </datafield>
  <datafield tag="336" ind1=" " ind2=" ">
    <subfield code="a">Text</subfield>
    <subfield code="b">txt</subfield>
    <subfield code="2">rdacontent</subfield>
  </datafield>
  <datafield tag="337" ind1=" " ind2=" ">
    <subfield code="a">ohne Hilfsmittel zu benutzen</subfield>
    <subfield code="b">n</subfield>
    <subfield code="2">rdamedia</subfield>
  </datafield>
  <datafield tag="338" ind1=" " ind2=" ">
    <subfield code="a">Band</subfield>
    <subfield code="b">nc</subfield>
    <subfield code="2">rdacarrier</subfield>
  </datafield>
  <datafield tag="490" ind1="0" ind2=" ">
    <subfield code="a">Public policy and politics</subfield>
  </datafield>
  <datafield tag="500" ind1=" " ind2=" ">
    <subfield code="a">Includes bibliography and index.</subfield>
  </datafield>
  <datafield tag="583" ind1="1" ind2=" ">
    <subfield code="a">Langzeitarchivierung gewährleistet</subfield>
    <subfield code="z">Hamburg SUB 18; Entsäuert 2011</subfield>
    <subfield code="2">pdager</subfield>
  </datafield>
  <datafield tag="591" ind1=" " ind2=" ">
    <subfield code="a">720 ff. bvb; 580 ff. bvb ; 720 ff. (DDC): GBV/LOC ; IMD-Felder und 1131 maschinell ergänzt (SWB)</subfield>
  </datafield>
  <datafield tag="650" ind1="0" ind2="7">
    <subfield code="0">(DE-588)4073648-9</subfield>
    <subfield code="0">(DE-627)104713518</subfield>
    <subfield code="0">(DE-576)209191058</subfield>
    <subfield code="a">Kommunalpolitik</subfield>
    <subfield code="2">gnd</subfield>
  </datafield>
  <datafield tag="651" ind1=" " ind2="7">
    <subfield code="0">(DE-588)4022153-2</subfield>
    <subfield code="0">(DE-627)104665513</subfield>
    <subfield code="0">(DE-576)208942076</subfield>
    <subfield code="a">Großbritannien</subfield>
    <subfield code="2">gnd</subfield>
  </datafield>
  <datafield tag="653" ind1=" " ind2="0">
    <subfield code="a">Local government</subfield>
    <subfield code="x">Great Britain</subfield>
  </datafield>
  <datafield tag="653" ind1=" " ind2="0">
    <subfield code="a">Local government</subfield>
    <subfield code="x">Great Britain</subfield>
    <subfield code="x">State supervision</subfield>
  </datafield>
  <datafield tag="689" ind1="0" ind2="0">
    <subfield code="D">g</subfield>
    <subfield code="0">(DE-588)4022153-2</subfield>
    <subfield code="0">(DE-627)104665513</subfield>
    <subfield code="0">(DE-576)208942076</subfield>
    <subfield code="a">Großbritannien</subfield>
    <subfield code="2">gnd</subfield>
  </datafield>
  <datafield tag="689" ind1="0" ind2="1">
    <subfield code="D">s</subfield>
    <subfield code="0">(DE-588)4019990-3</subfield>
    <subfield code="0">(DE-627)104704853</subfield>
    <subfield code="0">(DE-576)208931457</subfield>
    <subfield code="a">Gemeindeverwaltung</subfield>
    <subfield code="2">gnd</subfield>
  </datafield>
  <datafield tag="689" ind1="0" ind2=" ">
    <subfield code="5">DE-576</subfield>
  </datafield>
  <datafield tag="850" ind1=" " ind2=" ">
    <subfield code="a">ba</subfield>
  </datafield>
  <datafield tag="924" ind1="0" ind2=" ">
    <subfield code="a">084929774</subfield>
    <subfield code="b">DE-18</subfield>
    <subfield code="c">GBV</subfield>
    <subfield code="d">L</subfield>
    <subfield code="g">A 1988/8184</subfield>
    <subfield code="i">SUB</subfield>
  </datafield>
  <datafield tag="924" ind1="0" ind2=" ">
    <subfield code="a">020740409</subfield>
    <subfield code="b">DE-7</subfield>
    <subfield code="c">GBV</subfield>
    <subfield code="d">L</subfield>
    <subfield code="g">88 A 16313</subfield>
  </datafield>
  <datafield tag="924" ind1="0" ind2=" ">
    <subfield code="a">377502294</subfield>
    <subfield code="b">DE-Ma9</subfield>
    <subfield code="c">GBV</subfield>
    <subfield code="d">L</subfield>
    <subfield code="g">2000.00730:1</subfield>
    <subfield code="i">FH</subfield>
  </datafield>
  <datafield tag="924" ind1="0" ind2=" ">
    <subfield code="a">785217649</subfield>
    <subfield code="b">DE-715</subfield>
    <subfield code="c">GBV</subfield>
    <subfield code="d">L</subfield>
    <subfield code="g">pol 645 BL 5042</subfield>
  </datafield>
  <datafield tag="924" ind1="0" ind2=" ">
    <subfield code="a">3322035972</subfield>
    <subfield code="b">DE-25</subfield>
    <subfield code="9">25</subfield>
    <subfield code="c">BSZ</subfield>
    <subfield code="d">c</subfield>
    <subfield code="g">SW 88/1267</subfield>
  </datafield>
  <datafield tag="924" ind1="0" ind2=" ">
    <subfield code="a">3322035999</subfield>
    <subfield code="b">DE-352</subfield>
    <subfield code="9">352</subfield>
    <subfield code="c">BSZ</subfield>
    <subfield code="d">c</subfield>
    <subfield code="g">gsx 603.10:oh/s94</subfield>
  </datafield>
  <datafield tag="924" ind1="0" ind2=" ">
    <subfield code="a">3322036022</subfield>
    <subfield code="b">DE-180</subfield>
    <subfield code="9">180</subfield>
    <subfield code="c">BSZ</subfield>
    <subfield code="d">d</subfield>
    <subfield code="g">7600 St 874 plg</subfield>
    <subfield code="h">400</subfield>
  </datafield>
  <datafield tag="935" ind1=" " ind2=" ">
    <subfield code="i">Blocktest</subfield>
  </datafield>
  <datafield tag="936" ind1="r" ind2="v">
    <subfield code="a">MG 42767</subfield>
    <subfield code="b">Untere Verwaltungsinstanz</subfield>
    <subfield code="k">Politologie</subfield>
    <subfield code="k">Politische Systeme einzelner Länder</subfield>
    <subfield code="k">Europa, Nordamerika</subfield>
    <subfield code="k">Westeuropa, Mitteleuropa</subfield>
    <subfield code="k">Großbritannien</subfield>
    <subfield code="k">Verwaltung</subfield>
    <subfield code="k">Typen der Verwaltung</subfield>
    <subfield code="k">Untere Verwaltungsinstanz</subfield>
    <subfield code="0">1272396770</subfield>
    <subfield code="0">(DE-627)1272396770</subfield>
    <subfield code="0">(DE-576)202396770</subfield>
    <subfield code="0">(DE-625)122841:12204</subfield>
  </datafield>
<datafield tag="690" ind1="H" ind2="D">
            <subfield code="8">WD</subfield>
            <subfield code="a">Sep. 08 Uebrige Literatur : Sep. 08 Diverse Gebiete, Umweltschutz</subfield>
            <subfield code="2">HSG-IFF</subfield>
        </datafield></record>