<record xmlns="http://www.loc.gov/MARC21/slim">
  <leader>03273cam a2200613   4500</leader>
  <controlfield tag="001">(DE-627)1075559189</controlfield>
  <controlfield tag="003">DE-627</controlfield>
  <controlfield tag="005">20180717133001.0</controlfield>
  <controlfield tag="007">tu</controlfield>
  <controlfield tag="008">850101s1967    xx |||||      00| ||ger c</controlfield>
  <datafield tag="035" ind1=" " ind2=" ">
    <subfield code="a">(DE-627)1075559189</subfield>
  </datafield>
  <datafield tag="035" ind1=" " ind2=" ">
    <subfield code="a">(DE-576)005559189</subfield>
  </datafield>
  <datafield tag="035" ind1=" " ind2=" ">
    <subfield code="a">(DE-599)BSZ005559189</subfield>
  </datafield>
  <datafield tag="035" ind1=" " ind2=" ">
    <subfield code="a">(OCoLC)19773137</subfield>
  </datafield>
  <datafield tag="035" ind1=" " ind2=" ">
    <subfield code="a">(OCoLC)611199030</subfield>
  </datafield>
  <datafield tag="035" ind1=" " ind2=" ">
    <subfield code="a">(DE-604)8029674417</subfield>
  </datafield>
  <datafield tag="040" ind1=" " ind2=" ">
    <subfield code="a">DE-627</subfield>
    <subfield code="b">ger</subfield>
    <subfield code="c">DE-627</subfield>
    <subfield code="e">rakwb</subfield>
  </datafield>
  <datafield tag="041" ind1=" " ind2=" ">
    <subfield code="a">ger</subfield>
  </datafield>
  <datafield tag="084" ind1=" " ind2=" ">
    <subfield code="a">PN 767</subfield>
    <subfield code="2">rvk</subfield>
  </datafield>
  <datafield tag="084" ind1=" " ind2=" ">
    <subfield code="a">PN 770</subfield>
    <subfield code="2">rvk</subfield>
  </datafield>
  <datafield tag="084" ind1=" " ind2=" ">
    <subfield code="a">QC 210</subfield>
    <subfield code="2">rvk</subfield>
  </datafield>
  <datafield tag="100" ind1="1" ind2=" ">
    <subfield code="a">Frerk, Peter</subfield>
  </datafield>
  <datafield tag="245" ind1="1" ind2="0">
    <subfield code="a">Wirtschaftlichkeit öffentlicher Investitionen</subfield>
    <subfield code="c">Peter Frerk</subfield>
  </datafield>
  <datafield tag="264" ind1=" " ind2="1">
    <subfield code="a">Köln</subfield>
    <subfield code="a">Berlin</subfield>
    <subfield code="b">Grote</subfield>
    <subfield code="c">1967</subfield>
  </datafield>
  <datafield tag="300" ind1=" " ind2=" ">
    <subfield code="a">78 S. , 6 Bl.</subfield>
    <subfield code="b">graph. Darst.</subfield>
  </datafield>
  <datafield tag="336" ind1=" " ind2=" ">
    <subfield code="a">Text</subfield>
    <subfield code="b">txt</subfield>
    <subfield code="2">rdacontent</subfield>
  </datafield>
  <datafield tag="337" ind1=" " ind2=" ">
    <subfield code="a">ohne Hilfsmittel zu benutzen</subfield>
    <subfield code="b">n</subfield>
    <subfield code="2">rdamedia</subfield>
  </datafield>
  <datafield tag="338" ind1=" " ind2=" ">
    <subfield code="a">Band</subfield>
    <subfield code="b">nc</subfield>
    <subfield code="2">rdacarrier</subfield>
  </datafield>
  <datafield tag="490" ind1="0" ind2=" ">
    <subfield code="a">Veröffentlichungen der Kommunalen Gemeinschaftsstelle für Verwaltungsvereinfachung</subfield>
  </datafield>
  <datafield tag="591" ind1=" " ind2=" ">
    <subfield code="a">720 ff. bvb; 580 ff. bvb ; IMD-Felder und 1131 maschinell ergänzt (SWB)</subfield>
  </datafield>
  <datafield tag="689" ind1="0" ind2="0">
    <subfield code="D">s</subfield>
    <subfield code="0">(DE-588)4043147-2</subfield>
    <subfield code="0">(DE-627)106210947</subfield>
    <subfield code="0">(DE-576)209054476</subfield>
    <subfield code="a">Öffentliche Investition</subfield>
    <subfield code="2">gnd</subfield>
  </datafield>
  <datafield tag="689" ind1="0" ind2="1">
    <subfield code="D">s</subfield>
    <subfield code="0">(DE-588)4066424-7</subfield>
    <subfield code="0">(DE-627)106113542</subfield>
    <subfield code="0">(DE-576)209164557</subfield>
    <subfield code="a">Wirtschaftlichkeit</subfield>
    <subfield code="2">gnd</subfield>
  </datafield>
  <datafield tag="689" ind1="0" ind2=" ">
    <subfield code="5">DE-576</subfield>
  </datafield>
  <datafield tag="924" ind1="0" ind2=" ">
    <subfield code="a">2042627046</subfield>
    <subfield code="b">DE-21-24</subfield>
    <subfield code="9">21/24</subfield>
    <subfield code="c">BSZ</subfield>
    <subfield code="d">b</subfield>
    <subfield code="g">Oe O,VIa,48</subfield>
    <subfield code="9">p</subfield>
  </datafield>
  <datafield tag="924" ind1="0" ind2=" ">
    <subfield code="a">2042626899</subfield>
    <subfield code="b">DE-25</subfield>
    <subfield code="9">25</subfield>
    <subfield code="c">BSZ</subfield>
    <subfield code="d">c</subfield>
    <subfield code="g">S 3964,t</subfield>
  </datafield>
  <datafield tag="924" ind1="0" ind2=" ">
    <subfield code="a">2042626848</subfield>
    <subfield code="b">DE-25-10</subfield>
    <subfield code="9">25/10</subfield>
    <subfield code="c">BSZ</subfield>
    <subfield code="d">b</subfield>
    <subfield code="g">Frei 10: P2/100</subfield>
    <subfield code="9">p</subfield>
  </datafield>
  <datafield tag="924" ind1="0" ind2=" ">
    <subfield code="a">2042627003</subfield>
    <subfield code="b">DE-291-102</subfield>
    <subfield code="9">291/102</subfield>
    <subfield code="c">BSZ</subfield>
    <subfield code="d">b</subfield>
    <subfield code="9">p</subfield>
  </datafield>
  <datafield tag="924" ind1="0" ind2=" ">
    <subfield code="a">204262702X</subfield>
    <subfield code="b">DE-291-109</subfield>
    <subfield code="9">291/109</subfield>
    <subfield code="c">BSZ</subfield>
    <subfield code="d">b</subfield>
    <subfield code="9">p</subfield>
  </datafield>
  <datafield tag="924" ind1="0" ind2=" ">
    <subfield code="a">2042626961</subfield>
    <subfield code="b">DE-352</subfield>
    <subfield code="9">352</subfield>
    <subfield code="c">BSZ</subfield>
    <subfield code="d">c</subfield>
    <subfield code="g">wrj 312/f72</subfield>
  </datafield>
  <datafield tag="924" ind1="0" ind2=" ">
    <subfield code="a">2717644113</subfield>
    <subfield code="b">DE-24</subfield>
    <subfield code="9">24</subfield>
    <subfield code="c">BSZ</subfield>
    <subfield code="d">c</subfield>
    <subfield code="g">17C/1542</subfield>
  </datafield>
  <datafield tag="924" ind1="0" ind2=" ">
    <subfield code="a">2883835462</subfield>
    <subfield code="b">DE-180</subfield>
    <subfield code="9">180</subfield>
    <subfield code="c">BSZ</subfield>
    <subfield code="d">d</subfield>
    <subfield code="g">300 PN 770 F882</subfield>
    <subfield code="h">300</subfield>
  </datafield>
  <datafield tag="924" ind1="0" ind2=" ">
    <subfield code="a">2918635669</subfield>
    <subfield code="b">DE-180</subfield>
    <subfield code="9">180</subfield>
    <subfield code="c">BSZ</subfield>
    <subfield code="d">c</subfield>
    <subfield code="g">2003 BB 1447</subfield>
    <subfield code="h">T-MAG</subfield>
  </datafield>
  <datafield tag="924" ind1="0" ind2=" ">
    <subfield code="a">2042626902</subfield>
    <subfield code="b">DE-16-160</subfield>
    <subfield code="9">16/160</subfield>
    <subfield code="c">BSZ</subfield>
    <subfield code="d">c</subfield>
    <subfield code="g">WS/QC 210 F882</subfield>
    <subfield code="h">151</subfield>
  </datafield>
  <datafield tag="924" ind1="0" ind2=" ">
    <subfield code="a">2042626929</subfield>
    <subfield code="b">DE-16-13</subfield>
    <subfield code="9">16/13</subfield>
    <subfield code="c">BSZ</subfield>
    <subfield code="d">b</subfield>
    <subfield code="g">JU/PN 767 F882</subfield>
    <subfield code="9">p</subfield>
  </datafield>
  <datafield tag="924" ind1="0" ind2=" ">
    <subfield code="a">2042626953</subfield>
    <subfield code="b">DE-90</subfield>
    <subfield code="9">90</subfield>
    <subfield code="c">BSZ</subfield>
    <subfield code="d">c</subfield>
    <subfield code="g">69 B 164</subfield>
  </datafield>
  <datafield tag="924" ind1="0" ind2=" ">
    <subfield code="a">2042626945</subfield>
    <subfield code="b">DE-Ka26</subfield>
    <subfield code="9">Ka 26</subfield>
    <subfield code="c">BSZ</subfield>
    <subfield code="d">c</subfield>
    <subfield code="g">FF 232</subfield>
  </datafield>
  <datafield tag="924" ind1="0" ind2=" ">
    <subfield code="a">2529774137</subfield>
    <subfield code="b">DE-Sp3</subfield>
    <subfield code="9">Sp 3</subfield>
    <subfield code="c">BSZ</subfield>
    <subfield code="d">b</subfield>
    <subfield code="g">D II l 166</subfield>
    <subfield code="9">p</subfield>
  </datafield>
  <datafield tag="924" ind1="0" ind2=" ">
    <subfield code="a">2727020783</subfield>
    <subfield code="b">DE-B791</subfield>
    <subfield code="9">B 791</subfield>
    <subfield code="c">BSZ</subfield>
    <subfield code="d">b</subfield>
    <subfield code="g">H 217</subfield>
    <subfield code="9">p</subfield>
  </datafield>
  <datafield tag="924" ind1="0" ind2=" ">
    <subfield code="a">2042626872</subfield>
    <subfield code="b">DE-Kh1</subfield>
    <subfield code="9">Kh 1</subfield>
    <subfield code="c">BSZ</subfield>
    <subfield code="d">c</subfield>
  </datafield>
  <datafield tag="924" ind1="0" ind2=" ">
    <subfield code="a">255466420X</subfield>
    <subfield code="b">DE-1147</subfield>
    <subfield code="9">1147</subfield>
    <subfield code="c">BSZ</subfield>
    <subfield code="d">c</subfield>
    <subfield code="g">Fd w 340</subfield>
  </datafield>
  <datafield tag="924" ind1="0" ind2=" ">
    <subfield code="a">2857670109</subfield>
    <subfield code="b">DE-B478</subfield>
    <subfield code="9">B 478</subfield>
    <subfield code="c">BSZ</subfield>
    <subfield code="d">c</subfield>
  </datafield>
  <datafield tag="936" ind1="r" ind2="v">
    <subfield code="a">PN 767</subfield>
    <subfield code="b">Staatliche Förderung der Vermögensbildung</subfield>
    <subfield code="k">Rechtswissenschaft</subfield>
    <subfield code="k">Verwaltungswissenschaften und Verwaltungsrecht</subfield>
    <subfield code="k">Besonderes Verwaltungsrecht</subfield>
    <subfield code="k">Wirtschaftsverwaltungsrecht</subfield>
    <subfield code="k">Staatliche Förderung der Vermögensbildung</subfield>
    <subfield code="0">1271328801</subfield>
    <subfield code="0">(DE-627)1271328801</subfield>
    <subfield code="0">(DE-576)201328801</subfield>
    <subfield code="0">(DE-625)137693:</subfield>
  </datafield>
  <datafield tag="936" ind1="r" ind2="v">
    <subfield code="a">PN 770</subfield>
    <subfield code="b">Sonstiges Wirtschaftsverwaltungsrecht</subfield>
    <subfield code="k">Rechtswissenschaft</subfield>
    <subfield code="k">Verwaltungswissenschaften und Verwaltungsrecht</subfield>
    <subfield code="k">Besonderes Verwaltungsrecht</subfield>
    <subfield code="k">Wirtschaftsverwaltungsrecht</subfield>
    <subfield code="k">Sonstiges Wirtschaftsverwaltungsrecht</subfield>
    <subfield code="0">127132881X</subfield>
    <subfield code="0">(DE-627)127132881X</subfield>
    <subfield code="0">(DE-576)20132881X</subfield>
    <subfield code="0">(DE-625)137694:</subfield>
  </datafield>
  <datafield tag="936" ind1="r" ind2="v">
    <subfield code="a">QC 210</subfield>
    <subfield code="b">Kapital und Zins</subfield>
    <subfield code="k">Wirtschaftswissenschaften</subfield>
    <subfield code="k">Wirtschaftstheorie, einschließlich Geldtheorie</subfield>
    <subfield code="k">Wert-, Preis- und Allokationstheorie</subfield>
    <subfield code="k">Produktionsfaktoren und Verteilungsquoten</subfield>
    <subfield code="k">Kapital und Zins</subfield>
    <subfield code="0">1271354837</subfield>
    <subfield code="0">(DE-627)1271354837</subfield>
    <subfield code="0">(DE-576)201354837</subfield>
    <subfield code="0">(DE-625)141260:</subfield>
  </datafield>
<datafield tag="690" ind1="H" ind2="D">
            <subfield code="8">YL1</subfield>
            <subfield code="a">Wirtschaftswissenschaften : Finanzwissenschaft. Betriebswirtschaftliche Steuerlehre : Allgemeines</subfield>
            <subfield code="2">HSG-IFF</subfield>
        </datafield><datafield tag="690" ind1="H" ind2="D">
            <subfield code="8">YL2</subfield>
            <subfield code="a">Wirtschaftswissenschaften : Finanzwissenschaft. Betriebswirtschaftliche Steuerlehre : Haushaltsaufstellung, -verwaltung und -kontrolle</subfield>
            <subfield code="2">HSG-IFF</subfield>
            </datafield><datafield tag="690" ind1="H" ind2="D">
            <subfield code="8">YL7</subfield>
            <subfield code="a">Wirtschaftswissenschaften : Finanzwissenschaft. Betriebswirtschaftliche Steuerlehre : Finanzpolitik. Fiscal Policy. Finanzwirtschaft und Finanzpolitik einzelner Länder</subfield>
            <subfield code="2">HSG-IFF</subfield>
            </datafield></record>