<record xmlns="http://www.loc.gov/MARC21/slim">
  <leader>09613cam a2201969   4500</leader>
  <controlfield tag="001">(DE-627)023501510</controlfield>
  <controlfield tag="003">DE-627</controlfield>
  <controlfield tag="005">20190317180204.0</controlfield>
  <controlfield tag="007">tu</controlfield>
  <controlfield tag="008">920219s1991    xx ||||| d    00| ||ger c</controlfield>
  <datafield tag="015" ind1=" " ind2=" ">
    <subfield code="a">91,N33,0278</subfield>
    <subfield code="2">dnb</subfield>
  </datafield>
  <datafield tag="016" ind1="7" ind2=" ">
    <subfield code="a">910973695</subfield>
    <subfield code="2">DE-101</subfield>
  </datafield>
  <datafield tag="020" ind1=" " ind2=" ">
    <subfield code="a">3789023884</subfield>
    <subfield code="c">: DM 98.00 (Kunststoff)</subfield>
  </datafield>
  <datafield tag="035" ind1=" " ind2=" ">
    <subfield code="a">(DE-627)023501510</subfield>
  </datafield>
  <datafield tag="035" ind1=" " ind2=" ">
    <subfield code="a">(DE-576)025649531</subfield>
  </datafield>
  <datafield tag="035" ind1=" " ind2=" ">
    <subfield code="a">(DE-599)GBV023501510</subfield>
  </datafield>
  <datafield tag="035" ind1=" " ind2=" ">
    <subfield code="a">(OCoLC)25455171</subfield>
  </datafield>
  <datafield tag="035" ind1=" " ind2=" ">
    <subfield code="a">(OCoLC)25455171</subfield>
  </datafield>
  <datafield tag="035" ind1=" " ind2=" ">
    <subfield code="a">(JUB)b10609465</subfield>
  </datafield>
  <datafield tag="040" ind1=" " ind2=" ">
    <subfield code="a">DE-627</subfield>
    <subfield code="b">ger</subfield>
    <subfield code="c">DE-627</subfield>
    <subfield code="e">rakwb</subfield>
  </datafield>
  <datafield tag="041" ind1=" " ind2=" ">
    <subfield code="a">ger</subfield>
  </datafield>
  <datafield tag="044" ind1=" " ind2=" ">
    <subfield code="c">XA-DE-BW</subfield>
  </datafield>
  <datafield tag="050" ind1=" " ind2="0">
    <subfield code="a">JA63</subfield>
  </datafield>
  <datafield tag="082" ind1="0" ind2=" ">
    <subfield code="a">350/.0003</subfield>
  </datafield>
  <datafield tag="084" ind1=" " ind2=" ">
    <subfield code="a">POL 837</subfield>
    <subfield code="2">sfb</subfield>
  </datafield>
  <datafield tag="084" ind1=" " ind2=" ">
    <subfield code="a">POL 915 (30)</subfield>
    <subfield code="2">sfb</subfield>
  </datafield>
  <datafield tag="084" ind1=" " ind2=" ">
    <subfield code="a">R 5</subfield>
    <subfield code="2">sfb</subfield>
  </datafield>
  <datafield tag="084" ind1=" " ind2=" ">
    <subfield code="a">R 600</subfield>
    <subfield code="2">sfb</subfield>
  </datafield>
  <datafield tag="084" ind1=" " ind2=" ">
    <subfield code="a">20</subfield>
    <subfield code="2">sdnb</subfield>
  </datafield>
  <datafield tag="084" ind1=" " ind2=" ">
    <subfield code="a">3,7</subfield>
    <subfield code="2">ssgn</subfield>
  </datafield>
  <datafield tag="084" ind1=" " ind2=" ">
    <subfield code="a">PN 201</subfield>
    <subfield code="2">rvk</subfield>
  </datafield>
  <datafield tag="084" ind1=" " ind2=" ">
    <subfield code="a">86.47</subfield>
    <subfield code="2">bkl</subfield>
  </datafield>
  <datafield tag="084" ind1=" " ind2=" ">
    <subfield code="a">88.00</subfield>
    <subfield code="2">bkl</subfield>
  </datafield>
  <datafield tag="245" ind1="1" ind2="0">
    <subfield code="a">Verwaltungslexikon</subfield>
    <subfield code="c">hrsg. von Peter Eichhorn ...</subfield>
  </datafield>
  <datafield tag="250" ind1=" " ind2=" ">
    <subfield code="a">2., neu bearb. Aufl.</subfield>
  </datafield>
  <datafield tag="264" ind1=" " ind2="1">
    <subfield code="a">Baden-Baden</subfield>
    <subfield code="b">Nomos-Verl.-Ges.</subfield>
    <subfield code="c">1991</subfield>
  </datafield>
  <datafield tag="300" ind1=" " ind2=" ">
    <subfield code="a">XXXV, 987 S.</subfield>
    <subfield code="b">graph. Darst.</subfield>
    <subfield code="c">23 cm</subfield>
  </datafield>
  <datafield tag="336" ind1=" " ind2=" ">
    <subfield code="a">Text</subfield>
    <subfield code="b">txt</subfield>
    <subfield code="2">rdacontent</subfield>
  </datafield>
  <datafield tag="337" ind1=" " ind2=" ">
    <subfield code="a">ohne Hilfsmittel zu benutzen</subfield>
    <subfield code="b">n</subfield>
    <subfield code="2">rdamedia</subfield>
  </datafield>
  <datafield tag="338" ind1=" " ind2=" ">
    <subfield code="a">Band</subfield>
    <subfield code="b">nc</subfield>
    <subfield code="2">rdacarrier</subfield>
  </datafield>
  <datafield tag="591" ind1=" " ind2=" ">
    <subfield code="a">720 ff. bvb ; 720 ff. (DDC): GBV/LOC; QQ 000:L1UB ; 5090: DDSU/sred ; IMD-Felder und 1131 maschinell ergänzt (SWB)</subfield>
  </datafield>
  <datafield tag="650" ind1=" " ind2="7">
    <subfield code="8">1.1\x</subfield>
    <subfield code="a">Öffentliche Verwaltung</subfield>
    <subfield code="0">(DE-627)091381037</subfield>
    <subfield code="0">(DE-STW)13413-3</subfield>
    <subfield code="2">stw</subfield>
  </datafield>
  <datafield tag="650" ind1=" " ind2="7">
    <subfield code="8">1.2\x</subfield>
    <subfield code="a">Verwaltungswissenschaft</subfield>
    <subfield code="0">(DE-627)091398649</subfield>
    <subfield code="0">(DE-STW)16212-5</subfield>
    <subfield code="2">stw</subfield>
  </datafield>
  <datafield tag="650" ind1=" " ind2="7">
    <subfield code="8">1.3\x</subfield>
    <subfield code="a">Deutschland</subfield>
    <subfield code="0">(DE-627)091354749</subfield>
    <subfield code="0">(DE-STW)18012-3</subfield>
    <subfield code="2">stw</subfield>
  </datafield>
  <datafield tag="655" ind1=" " ind2="7">
    <subfield code="a">Wörterbuch</subfield>
    <subfield code="0">(DE-588)4066724-8</subfield>
    <subfield code="0">(DE-627)104682620</subfield>
    <subfield code="0">(DE-576)209166061</subfield>
    <subfield code="2">gnd-content</subfield>
  </datafield>
  <datafield tag="689" ind1="0" ind2="0">
    <subfield code="D">s</subfield>
    <subfield code="0">(DE-588)4063317-2</subfield>
    <subfield code="0">(DE-627)106128507</subfield>
    <subfield code="0">(DE-576)209148136</subfield>
    <subfield code="a">Verwaltung</subfield>
    <subfield code="2">gnd</subfield>
  </datafield>
  <datafield tag="689" ind1="0" ind2=" ">
    <subfield code="5">DE-101</subfield>
  </datafield>
  <datafield tag="689" ind1="1" ind2="0">
    <subfield code="D">s</subfield>
    <subfield code="0">(DE-588)4137670-5</subfield>
    <subfield code="0">(DE-627)105648310</subfield>
    <subfield code="0">(DE-576)20967959X</subfield>
    <subfield code="a">Verwaltungslehre</subfield>
    <subfield code="2">gnd</subfield>
  </datafield>
  <datafield tag="689" ind1="1" ind2=" ">
    <subfield code="5">DE-576</subfield>
  </datafield>
  <datafield tag="700" ind1="1" ind2=" ">
    <subfield code="a">Eichhorn, Peter</subfield>
    <subfield code="d">1939-</subfield>
    <subfield code="e">Hrsg.</subfield>
    <subfield code="0">(DE-588)120283905</subfield>
    <subfield code="0">(DE-627)080576931</subfield>
    <subfield code="0">(DE-576)160839955</subfield>
    <subfield code="4">edt</subfield>
  </datafield>
  <datafield tag="700" ind1="1" ind2=" ">
    <subfield code="a">Böhret, Carl</subfield>
    <subfield code="d">1933-</subfield>
    <subfield code="0">(DE-588)120525801</subfield>
    <subfield code="0">(DE-627)080728782</subfield>
    <subfield code="0">(DE-576)160344247</subfield>
  </datafield>
  <datafield tag="700" ind1="1" ind2=" ">
    <subfield code="a">Reinermann, Heinrich</subfield>
    <subfield code="d">1937-</subfield>
    <subfield code="0">(DE-588)106253832</subfield>
    <subfield code="0">(DE-627)615226078</subfield>
    <subfield code="0">(DE-576)162691513</subfield>
  </datafield>
  <datafield tag="924" ind1="0" ind2=" ">
    <subfield code="a">023740701</subfield>
    <subfield code="b">DE-1a</subfield>
    <subfield code="c">GBV</subfield>
    <subfield code="i">2</subfield>
    <subfield code="g">1 A 121409</subfield>
    <subfield code="d">L</subfield>
  </datafield>
  <datafield tag="924" ind1="0" ind2=" ">
    <subfield code="a">02800857x</subfield>
    <subfield code="b">DE-1a</subfield>
    <subfield code="c">GBV</subfield>
    <subfield code="d">L</subfield>
    <subfield code="g">46 MA 9606</subfield>
    <subfield code="i">2</subfield>
  </datafield>
  <datafield tag="924" ind1="0" ind2=" ">
    <subfield code="a">264196120</subfield>
    <subfield code="b">DE-84</subfield>
    <subfield code="c">GBV</subfield>
    <subfield code="d">L</subfield>
    <subfield code="g">2760-5129</subfield>
  </datafield>
  <datafield tag="924" ind1="0" ind2=" ">
    <subfield code="a">166162701</subfield>
    <subfield code="b">DE-46</subfield>
    <subfield code="c">GBV</subfield>
    <subfield code="g">01.m.5854</subfield>
    <subfield code="d">L</subfield>
  </datafield>
  <datafield tag="924" ind1="0" ind2=" ">
    <subfield code="a">16616271X</subfield>
    <subfield code="b">DE-46</subfield>
    <subfield code="c">GBV</subfield>
    <subfield code="d">N</subfield>
    <subfield code="g">tb 2937</subfield>
    <subfield code="i">geloescht 2016</subfield>
  </datafield>
  <datafield tag="924" ind1="0" ind2=" ">
    <subfield code="a">088581373</subfield>
    <subfield code="b">DE-18</subfield>
    <subfield code="c">GBV</subfield>
    <subfield code="i">SUB</subfield>
    <subfield code="g">A 1992/3717</subfield>
    <subfield code="d">L</subfield>
  </datafield>
  <datafield tag="924" ind1="0" ind2=" ">
    <subfield code="a">500474516</subfield>
    <subfield code="b">DE-18</subfield>
    <subfield code="c">GBV</subfield>
    <subfield code="d">N</subfield>
    <subfield code="g">ÖR/PN 201 E34(2)</subfield>
    <subfield code="i">18/304</subfield>
  </datafield>
  <datafield tag="924" ind1="0" ind2=" ">
    <subfield code="a">18715869X</subfield>
    <subfield code="b">DE-830</subfield>
    <subfield code="c">GBV</subfield>
    <subfield code="g">REF-101</subfield>
    <subfield code="g">2717-9587</subfield>
    <subfield code="i">RE</subfield>
  </datafield>
  <datafield tag="924" ind1="0" ind2=" ">
    <subfield code="a">230169902</subfield>
    <subfield code="b">DE-8</subfield>
    <subfield code="c">GBV</subfield>
    <subfield code="i">16</subfield>
    <subfield code="g">Am 6352+002</subfield>
    <subfield code="d">L</subfield>
  </datafield>
  <datafield tag="924" ind1="0" ind2=" ">
    <subfield code="a">478120524</subfield>
    <subfield code="b">DE-8</subfield>
    <subfield code="c">GBV</subfield>
    <subfield code="i">8/3</subfield>
    <subfield code="g">Verw. R. Allg. 1031 (2)</subfield>
    <subfield code="d">N</subfield>
  </datafield>
  <datafield tag="924" ind1="0" ind2=" ">
    <subfield code="a">150229351X</subfield>
    <subfield code="b">DE-8</subfield>
    <subfield code="c">GBV</subfield>
    <subfield code="d">N</subfield>
    <subfield code="g">IX E 3-v 1</subfield>
    <subfield code="g">Magazin</subfield>
    <subfield code="i">8/102</subfield>
  </datafield>
  <datafield tag="924" ind1="0" ind2=" ">
    <subfield code="a">32459951X</subfield>
    <subfield code="b">DE-206</subfield>
    <subfield code="c">GBV</subfield>
    <subfield code="d">L</subfield>
    <subfield code="g">pol de 5</subfield>
    <subfield code="i">K:pb</subfield>
  </datafield>
  <datafield tag="924" ind1="0" ind2=" ">
    <subfield code="a">107726270</subfield>
    <subfield code="b">DE-104</subfield>
    <subfield code="c">GBV</subfield>
    <subfield code="g">93 A 5773</subfield>
    <subfield code="d">N</subfield>
  </datafield>
  <datafield tag="924" ind1="0" ind2=" ">
    <subfield code="a">943565049</subfield>
    <subfield code="b">DE-104</subfield>
    <subfield code="c">GBV</subfield>
    <subfield code="d">N</subfield>
    <subfield code="g">CL 13 : IfW13 37 B 6</subfield>
    <subfield code="i">104/13</subfield>
  </datafield>
  <datafield tag="924" ind1="0" ind2=" ">
    <subfield code="a">150280785</subfield>
    <subfield code="b">DE-27</subfield>
    <subfield code="c">GBV</subfield>
    <subfield code="i">LS</subfield>
    <subfield code="g">WIR:RC:100:::1991</subfield>
    <subfield code="d">L</subfield>
    <subfield code="g">94 A 454/1</subfield>
  </datafield>
  <datafield tag="924" ind1="0" ind2=" ">
    <subfield code="a">340122986</subfield>
    <subfield code="b">DE-27</subfield>
    <subfield code="c">GBV</subfield>
    <subfield code="i">J 64</subfield>
    <subfield code="g">ALL:AC:2000:15</subfield>
    <subfield code="d">N</subfield>
  </datafield>
  <datafield tag="924" ind1="0" ind2=" ">
    <subfield code="a">378932268</subfield>
    <subfield code="b">DE-27</subfield>
    <subfield code="c">GBV</subfield>
    <subfield code="d">L</subfield>
    <subfield code="g">2000 A 618</subfield>
    <subfield code="i">Mag</subfield>
  </datafield>
  <datafield tag="924" ind1="0" ind2=" ">
    <subfield code="a">146568222</subfield>
    <subfield code="b">DE-Ilm1</subfield>
    <subfield code="c">GBV</subfield>
    <subfield code="d">L</subfield>
    <subfield code="g">REC 648</subfield>
    <subfield code="i">93</subfield>
  </datafield>
  <datafield tag="924" ind1="0" ind2=" ">
    <subfield code="a">19848562X</subfield>
    <subfield code="b">DE-547</subfield>
    <subfield code="c">GBV</subfield>
    <subfield code="d">N</subfield>
    <subfield code="g">ausgeschieden</subfield>
  </datafield>
  <datafield tag="924" ind1="0" ind2=" ">
    <subfield code="a">02784692x</subfield>
    <subfield code="b">DE-7</subfield>
    <subfield code="c">GBV</subfield>
    <subfield code="g">92 A 10704</subfield>
    <subfield code="d">L</subfield>
  </datafield>
  <datafield tag="924" ind1="0" ind2=" ">
    <subfield code="a">126704957X</subfield>
    <subfield code="b">DE-7</subfield>
    <subfield code="c">GBV</subfield>
    <subfield code="h">7/0001</subfield>
    <subfield code="i">7/510</subfield>
    <subfield code="g">64/67 (AO) Eic</subfield>
    <subfield code="d">L</subfield>
  </datafield>
  <datafield tag="924" ind1="0" ind2=" ">
    <subfield code="a">027847004</subfield>
    <subfield code="b">DE-7</subfield>
    <subfield code="c">GBV</subfield>
    <subfield code="h">7/148</subfield>
    <subfield code="i">BBWISO</subfield>
    <subfield code="g">16 : X 6000 Ver</subfield>
    <subfield code="d">N</subfield>
  </datafield>
  <datafield tag="924" ind1="0" ind2=" ">
    <subfield code="a">105618802</subfield>
    <subfield code="b">DE-7</subfield>
    <subfield code="c">GBV</subfield>
    <subfield code="d">N</subfield>
    <subfield code="g">16 : X 6000 Ver</subfield>
    <subfield code="h">7/148</subfield>
    <subfield code="i">BBWISO</subfield>
  </datafield>
  <datafield tag="924" ind1="0" ind2=" ">
    <subfield code="a">027846954</subfield>
    <subfield code="b">DE-705</subfield>
    <subfield code="c">GBV</subfield>
    <subfield code="d">L</subfield>
    <subfield code="g">ORG 001:P0004(002)</subfield>
    <subfield code="i">WOW</subfield>
  </datafield>
  <datafield tag="924" ind1="0" ind2=" ">
    <subfield code="a">215513584</subfield>
    <subfield code="b">DE-28</subfield>
    <subfield code="c">GBV</subfield>
    <subfield code="i">28/BB3</subfield>
    <subfield code="g">MF 7000 E34(2)</subfield>
    <subfield code="d">L</subfield>
    <subfield code="g">95 A 20785</subfield>
  </datafield>
  <datafield tag="924" ind1="0" ind2=" ">
    <subfield code="a">177629770</subfield>
    <subfield code="b">DE-28</subfield>
    <subfield code="c">GBV</subfield>
    <subfield code="i">28/BB3</subfield>
    <subfield code="g">QQ 000 E34(2)</subfield>
    <subfield code="d">L</subfield>
    <subfield code="g">95 A 20785/1</subfield>
  </datafield>
  <datafield tag="924" ind1="0" ind2=" ">
    <subfield code="a">503026069</subfield>
    <subfield code="b">DE-28</subfield>
    <subfield code="c">GBV</subfield>
    <subfield code="g">ausgesondert2019!28/361-OSU!PN 202 E34(2)</subfield>
    <subfield code="d">N</subfield>
    <subfield code="g">93 A 22434</subfield>
  </datafield>
  <datafield tag="924" ind1="0" ind2=" ">
    <subfield code="a">716099004</subfield>
    <subfield code="b">DE-28</subfield>
    <subfield code="c">GBV</subfield>
    <subfield code="d">L</subfield>
    <subfield code="g">QQ 000 E34(2)</subfield>
    <subfield code="i">28/BB3</subfield>
  </datafield>
  <datafield tag="924" ind1="0" ind2=" ">
    <subfield code="a">136882773</subfield>
    <subfield code="b">DE-3</subfield>
    <subfield code="c">GBV</subfield>
    <subfield code="g">LS 23-400</subfield>
    <subfield code="d">N</subfield>
    <subfield code="g">92 A 2737</subfield>
  </datafield>
  <datafield tag="924" ind1="0" ind2=" ">
    <subfield code="a">308052749</subfield>
    <subfield code="b">DE-3</subfield>
    <subfield code="c">GBV</subfield>
    <subfield code="h">3/18</subfield>
    <subfield code="i">Ha 18-98</subfield>
    <subfield code="d">N</subfield>
  </datafield>
  <datafield tag="924" ind1="0" ind2=" ">
    <subfield code="a">308052757</subfield>
    <subfield code="b">DE-3</subfield>
    <subfield code="c">GBV</subfield>
    <subfield code="h">3/18</subfield>
    <subfield code="i">Ha 18-98</subfield>
    <subfield code="d">N</subfield>
  </datafield>
  <datafield tag="924" ind1="0" ind2=" ">
    <subfield code="a">1304384519</subfield>
    <subfield code="b">DE-3</subfield>
    <subfield code="c">GBV</subfield>
    <subfield code="h">3/11</subfield>
    <subfield code="i">Ha 11</subfield>
    <subfield code="g">N 305 E 1 = 01</subfield>
    <subfield code="d">L</subfield>
  </datafield>
  <datafield tag="924" ind1="0" ind2=" ">
    <subfield code="a">308052765</subfield>
    <subfield code="b">DE-3</subfield>
    <subfield code="c">GBV</subfield>
    <subfield code="d">N</subfield>
    <subfield code="h">3/18</subfield>
    <subfield code="i">Ha 18-98</subfield>
  </datafield>
  <datafield tag="924" ind1="0" ind2=" ">
    <subfield code="a">164883398</subfield>
    <subfield code="b">DE-9</subfield>
    <subfield code="c">GBV</subfield>
    <subfield code="d">N</subfield>
    <subfield code="g">650/PN 216 E34(2)</subfield>
    <subfield code="i">UB 650</subfield>
  </datafield>
  <datafield tag="924" ind1="0" ind2=" ">
    <subfield code="a">027846938</subfield>
    <subfield code="b">DE-89</subfield>
    <subfield code="c">GBV</subfield>
    <subfield code="i">Haus2</subfield>
    <subfield code="g">AH 9385,2</subfield>
    <subfield code="d">L</subfield>
  </datafield>
  <datafield tag="924" ind1="0" ind2=" ">
    <subfield code="a">027846989</subfield>
    <subfield code="b">DE-89</subfield>
    <subfield code="c">GBV</subfield>
    <subfield code="h">89/15</subfield>
    <subfield code="i">FBE pae 681</subfield>
    <subfield code="g">E 80 B 1425</subfield>
    <subfield code="d">N</subfield>
    <subfield code="e">5</subfield>
    <subfield code="g">92-230</subfield>
    <subfield code="h">FBE</subfield>
  </datafield>
  <datafield tag="924" ind1="0" ind2=" ">
    <subfield code="a">263136426</subfield>
    <subfield code="b">DE-89</subfield>
    <subfield code="c">GBV</subfield>
    <subfield code="h">89/16</subfield>
    <subfield code="i">FBR</subfield>
    <subfield code="g">K 100 16-255(2)</subfield>
    <subfield code="d">L</subfield>
  </datafield>
  <datafield tag="924" ind1="0" ind2=" ">
    <subfield code="a">264435079</subfield>
    <subfield code="b">DE-89</subfield>
    <subfield code="c">GBV</subfield>
    <subfield code="d">L</subfield>
    <subfield code="g">K 100 16-255(2)a</subfield>
    <subfield code="h">89/16</subfield>
    <subfield code="i">FBR</subfield>
  </datafield>
  <datafield tag="924" ind1="0" ind2=" ">
    <subfield code="a">027846989</subfield>
    <subfield code="b">DE-35</subfield>
    <subfield code="c">GBV</subfield>
    <subfield code="h">35/15</subfield>
    <subfield code="i">FBE LS</subfield>
    <subfield code="g">LS pol 600 a = 92-230</subfield>
    <subfield code="d">N</subfield>
    <subfield code="g">92-230</subfield>
  </datafield>
  <datafield tag="924" ind1="0" ind2=" ">
    <subfield code="a">263136426</subfield>
    <subfield code="b">DE-35</subfield>
    <subfield code="c">GBV</subfield>
    <subfield code="h">35/03</subfield>
    <subfield code="i">FBR</subfield>
    <subfield code="g">K 100 16-255(2)</subfield>
    <subfield code="d">N</subfield>
  </datafield>
  <datafield tag="924" ind1="0" ind2=" ">
    <subfield code="a">264435079</subfield>
    <subfield code="b">DE-35</subfield>
    <subfield code="c">GBV</subfield>
    <subfield code="h">35/03</subfield>
    <subfield code="i">FBR</subfield>
    <subfield code="g">K 100 16-255(2)a</subfield>
    <subfield code="d">N</subfield>
  </datafield>
  <datafield tag="924" ind1="0" ind2=" ">
    <subfield code="a">342835440</subfield>
    <subfield code="b">DE-35</subfield>
    <subfield code="c">GBV</subfield>
    <subfield code="i">FBR IF</subfield>
    <subfield code="g">Dt.Inst. für Föderalismusforschung ** AA 005</subfield>
    <subfield code="d">N</subfield>
  </datafield>
  <datafield tag="924" ind1="0" ind2=" ">
    <subfield code="a">362829470</subfield>
    <subfield code="b">DE-35</subfield>
    <subfield code="c">GBV</subfield>
    <subfield code="d">N</subfield>
    <subfield code="g">Inst. für Volkswirtschaftslehre, Abt. Konjunktur- u. Strukturpolitik *** B 000 Ei</subfield>
    <subfield code="g">B 000 Ei</subfield>
    <subfield code="h">FBW ZD</subfield>
    <subfield code="i">FBW ZD</subfield>
  </datafield>
  <datafield tag="924" ind1="0" ind2=" ">
    <subfield code="a">158595467</subfield>
    <subfield code="b">DE-Hv14</subfield>
    <subfield code="c">GBV</subfield>
    <subfield code="g">91.1191</subfield>
    <subfield code="d">L</subfield>
  </datafield>
  <datafield tag="924" ind1="0" ind2=" ">
    <subfield code="a">230305318</subfield>
    <subfield code="b">DE-Hv14</subfield>
    <subfield code="c">GBV</subfield>
    <subfield code="d">N</subfield>
    <subfield code="g">20.92.221</subfield>
    <subfield code="g">422</subfield>
    <subfield code="i">VB</subfield>
  </datafield>
  <datafield tag="924" ind1="0" ind2=" ">
    <subfield code="a">229562477</subfield>
    <subfield code="b">DE-33</subfield>
    <subfield code="c">GBV</subfield>
    <subfield code="g">28 A 382</subfield>
    <subfield code="d">L</subfield>
  </datafield>
  <datafield tag="924" ind1="0" ind2=" ">
    <subfield code="a">1268922773</subfield>
    <subfield code="b">DE-33</subfield>
    <subfield code="c">GBV</subfield>
    <subfield code="d">N</subfield>
    <subfield code="g">B 4</subfield>
    <subfield code="i">vem</subfield>
  </datafield>
  <datafield tag="924" ind1="0" ind2=" ">
    <subfield code="a">027846970</subfield>
    <subfield code="b">DE-542</subfield>
    <subfield code="c">GBV</subfield>
    <subfield code="d">N</subfield>
    <subfield code="g">FH 1992:5967/1</subfield>
    <subfield code="h">3095/1</subfield>
    <subfield code="i">FH</subfield>
  </datafield>
  <datafield tag="924" ind1="0" ind2=" ">
    <subfield code="a">027846997</subfield>
    <subfield code="b">DE-Ma9</subfield>
    <subfield code="c">GBV</subfield>
    <subfield code="i">Magazin</subfield>
    <subfield code="g">1992 a 795:1</subfield>
    <subfield code="d">L</subfield>
  </datafield>
  <datafield tag="924" ind1="0" ind2=" ">
    <subfield code="a">386116083</subfield>
    <subfield code="b">DE-Ma9</subfield>
    <subfield code="c">GBV</subfield>
    <subfield code="d">L</subfield>
    <subfield code="g">1992 a 795:2</subfield>
    <subfield code="i">Magazin</subfield>
  </datafield>
  <datafield tag="924" ind1="0" ind2=" ">
    <subfield code="a">10439756X</subfield>
    <subfield code="b">DE-Luen4</subfield>
    <subfield code="c">GBV</subfield>
    <subfield code="d">L</subfield>
    <subfield code="g">76-1068</subfield>
    <subfield code="i">CAM</subfield>
  </datafield>
  <datafield tag="924" ind1="0" ind2=" ">
    <subfield code="a">785674691</subfield>
    <subfield code="b">DE-715</subfield>
    <subfield code="c">GBV</subfield>
    <subfield code="g">H pol 600 BF 9167,2</subfield>
    <subfield code="d">N</subfield>
  </datafield>
  <datafield tag="924" ind1="0" ind2=" ">
    <subfield code="a">785674713</subfield>
    <subfield code="b">DE-715</subfield>
    <subfield code="c">GBV</subfield>
    <subfield code="d">N</subfield>
    <subfield code="g">H pol 600 BF 9167,2</subfield>
  </datafield>
  <datafield tag="924" ind1="0" ind2=" ">
    <subfield code="a">027846946</subfield>
    <subfield code="b">DE-700</subfield>
    <subfield code="c">GBV</subfield>
    <subfield code="i">J-KR</subfield>
    <subfield code="g">QRI / Eic</subfield>
    <subfield code="d">L</subfield>
  </datafield>
  <datafield tag="924" ind1="0" ind2=" ">
    <subfield code="a">141231297</subfield>
    <subfield code="b">DE-700</subfield>
    <subfield code="c">GBV</subfield>
    <subfield code="i">J</subfield>
    <subfield code="g">QRI / Eic</subfield>
    <subfield code="d">L</subfield>
  </datafield>
  <datafield tag="924" ind1="0" ind2=" ">
    <subfield code="a">1411436385</subfield>
    <subfield code="b">DE-700</subfield>
    <subfield code="c">GBV</subfield>
    <subfield code="d">L</subfield>
    <subfield code="g">QRI / Eic</subfield>
    <subfield code="i">J-7</subfield>
  </datafield>
  <datafield tag="924" ind1="0" ind2=" ">
    <subfield code="a">145055574</subfield>
    <subfield code="b">DE-Va1</subfield>
    <subfield code="c">GBV</subfield>
    <subfield code="d">L</subfield>
    <subfield code="g">250738</subfield>
  </datafield>
  <datafield tag="924" ind1="0" ind2=" ">
    <subfield code="a">283163224</subfield>
    <subfield code="b">DE-Wis1</subfield>
    <subfield code="c">GBV</subfield>
    <subfield code="d">L</subfield>
    <subfield code="g">1991 A 3074</subfield>
    <subfield code="g">Heg 3</subfield>
    <subfield code="i">LS-Heg</subfield>
  </datafield>
  <datafield tag="924" ind1="0" ind2=" ">
    <subfield code="a">413348253</subfield>
    <subfield code="b">DE-564</subfield>
    <subfield code="c">GBV</subfield>
    <subfield code="g">ausgeschieden</subfield>
    <subfield code="d">N</subfield>
  </datafield>
  <datafield tag="924" ind1="0" ind2=" ">
    <subfield code="a">760295832</subfield>
    <subfield code="b">DE-564</subfield>
    <subfield code="c">GBV</subfield>
    <subfield code="d">N</subfield>
    <subfield code="g">ausgeschieden</subfield>
  </datafield>
  <datafield tag="924" ind1="0" ind2=" ">
    <subfield code="a">269378499</subfield>
    <subfield code="b">DE-839</subfield>
    <subfield code="c">GBV</subfield>
    <subfield code="d">L</subfield>
    <subfield code="g">UDF 012,2</subfield>
  </datafield>
  <datafield tag="924" ind1="0" ind2=" ">
    <subfield code="a">366120263</subfield>
    <subfield code="b">DE-Fl3</subfield>
    <subfield code="c">GBV</subfield>
    <subfield code="d">L</subfield>
    <subfield code="g">MF 7000 E34(2)</subfield>
  </datafield>
  <datafield tag="924" ind1="0" ind2=" ">
    <subfield code="a">363134786</subfield>
    <subfield code="b">DE-Shm2</subfield>
    <subfield code="c">GBV</subfield>
    <subfield code="i">A</subfield>
    <subfield code="g">Pol 837 6601/92</subfield>
    <subfield code="d">L</subfield>
  </datafield>
  <datafield tag="924" ind1="0" ind2=" ">
    <subfield code="a">363134794</subfield>
    <subfield code="b">DE-Shm2</subfield>
    <subfield code="c">GBV</subfield>
    <subfield code="d">L</subfield>
    <subfield code="g">Pol 837 8356/92</subfield>
    <subfield code="i">A</subfield>
  </datafield>
  <datafield tag="924" ind1="0" ind2=" ">
    <subfield code="a">122595033</subfield>
    <subfield code="b">DE-960</subfield>
    <subfield code="c">GBV</subfield>
    <subfield code="h">960/1</subfield>
    <subfield code="i">Z</subfield>
    <subfield code="g">Transfer KSF</subfield>
    <subfield code="d">N</subfield>
    <subfield code="g">JUR 0040 /17(2)</subfield>
    <subfield code="h">Z</subfield>
  </datafield>
  <datafield tag="924" ind1="0" ind2=" ">
    <subfield code="a">710371721</subfield>
    <subfield code="b">DE-960</subfield>
    <subfield code="c">GBV</subfield>
    <subfield code="d">N</subfield>
    <subfield code="g">Makuliert - nicht mehr vorhanden *** HJ 88</subfield>
    <subfield code="g">HJ 88</subfield>
    <subfield code="h">960/7</subfield>
    <subfield code="h">DGS</subfield>
    <subfield code="i">DGS</subfield>
  </datafield>
  <datafield tag="924" ind1="0" ind2=" ">
    <subfield code="a">239998251</subfield>
    <subfield code="b">DE-916</subfield>
    <subfield code="c">GBV</subfield>
    <subfield code="d">L</subfield>
    <subfield code="g">AM AA 006/2</subfield>
    <subfield code="i">WOB</subfield>
  </datafield>
  <datafield tag="924" ind1="0" ind2=" ">
    <subfield code="a">306874482</subfield>
    <subfield code="b">DE-1041</subfield>
    <subfield code="c">GBV</subfield>
    <subfield code="g">PN 201 V572(2)+2</subfield>
    <subfield code="d">L</subfield>
  </datafield>
  <datafield tag="924" ind1="0" ind2=" ">
    <subfield code="a">369706021</subfield>
    <subfield code="b">DE-1041</subfield>
    <subfield code="c">GBV</subfield>
    <subfield code="d">L</subfield>
    <subfield code="g">PN 201 V572(2)</subfield>
  </datafield>
  <datafield tag="924" ind1="0" ind2=" ">
    <subfield code="a">312989962</subfield>
    <subfield code="b">DE-551</subfield>
    <subfield code="c">GBV</subfield>
    <subfield code="d">L</subfield>
    <subfield code="g">WL 11511-10</subfield>
  </datafield>
  <datafield tag="924" ind1="0" ind2=" ">
    <subfield code="a">543952576</subfield>
    <subfield code="b">DE-527</subfield>
    <subfield code="c">GBV</subfield>
    <subfield code="h">0527/0002</subfield>
    <subfield code="i">HBS</subfield>
    <subfield code="g">V 06 004/1</subfield>
    <subfield code="d">L</subfield>
  </datafield>
  <datafield tag="924" ind1="0" ind2=" ">
    <subfield code="a">543952584</subfield>
    <subfield code="b">DE-527</subfield>
    <subfield code="c">GBV</subfield>
    <subfield code="d">L</subfield>
    <subfield code="g">V 06 004/2</subfield>
    <subfield code="h">0527/0002</subfield>
    <subfield code="i">HBS</subfield>
  </datafield>
  <datafield tag="924" ind1="0" ind2=" ">
    <subfield code="a">649347889</subfield>
    <subfield code="b">DE-1158</subfield>
    <subfield code="c">GBV</subfield>
    <subfield code="d">N</subfield>
    <subfield code="g">ausgesondert</subfield>
  </datafield>
  <datafield tag="924" ind1="0" ind2=" ">
    <subfield code="a">793125812</subfield>
    <subfield code="b">DE-517</subfield>
    <subfield code="c">GBV</subfield>
    <subfield code="d">L</subfield>
    <subfield code="g">95017656</subfield>
    <subfield code="i">3200</subfield>
  </datafield>
  <datafield tag="924" ind1="0" ind2=" ">
    <subfield code="a">774597305</subfield>
    <subfield code="b">DE-960-3</subfield>
    <subfield code="c">GBV</subfield>
    <subfield code="d">L</subfield>
    <subfield code="g">JUR 0040 /28(2)</subfield>
    <subfield code="i">KSF/FHH</subfield>
  </datafield>
  <datafield tag="924" ind1="0" ind2=" ">
    <subfield code="a">1806525208</subfield>
    <subfield code="b">DE-579</subfield>
    <subfield code="c">GBV</subfield>
    <subfield code="d">L</subfield>
    <subfield code="g">JA63 .V47 1991</subfield>
  </datafield>
  <datafield tag="924" ind1="0" ind2=" ">
    <subfield code="a">3080446186</subfield>
    <subfield code="b">DE-21</subfield>
    <subfield code="9">21</subfield>
    <subfield code="c">BSZ</subfield>
    <subfield code="d">c</subfield>
    <subfield code="g">31 A 21756</subfield>
  </datafield>
  <datafield tag="924" ind1="0" ind2=" ">
    <subfield code="a">3080446267</subfield>
    <subfield code="b">DE-21-24</subfield>
    <subfield code="9">21/24</subfield>
    <subfield code="c">BSZ</subfield>
    <subfield code="d">b</subfield>
    <subfield code="g">Oe H,IVa,38*2</subfield>
    <subfield code="9">p</subfield>
  </datafield>
  <datafield tag="924" ind1="0" ind2=" ">
    <subfield code="a">3080446275</subfield>
    <subfield code="b">DE-21-24</subfield>
    <subfield code="9">21/24</subfield>
    <subfield code="c">BSZ</subfield>
    <subfield code="d">b</subfield>
    <subfield code="g">Oe H,IVa,38*2</subfield>
    <subfield code="h">Ö I</subfield>
    <subfield code="9">p</subfield>
  </datafield>
  <datafield tag="924" ind1="0" ind2=" ">
    <subfield code="a">3080446283</subfield>
    <subfield code="b">DE-21-58</subfield>
    <subfield code="9">21/58</subfield>
    <subfield code="c">BSZ</subfield>
    <subfield code="d">b</subfield>
    <subfield code="g">A V 114</subfield>
    <subfield code="9">p</subfield>
  </datafield>
  <datafield tag="924" ind1="0" ind2=" ">
    <subfield code="a">3080446372</subfield>
    <subfield code="b">DE-25</subfield>
    <subfield code="9">25</subfield>
    <subfield code="c">BSZ</subfield>
    <subfield code="d">c</subfield>
    <subfield code="g">TM 91/6119</subfield>
  </datafield>
  <datafield tag="924" ind1="0" ind2=" ">
    <subfield code="a">3080446437</subfield>
    <subfield code="b">DE-291</subfield>
    <subfield code="9">291</subfield>
    <subfield code="c">BSZ</subfield>
    <subfield code="d">c</subfield>
    <subfield code="g">93-5819</subfield>
  </datafield>
  <datafield tag="924" ind1="0" ind2=" ">
    <subfield code="a">3080446518</subfield>
    <subfield code="b">DE-14</subfield>
    <subfield code="9">14</subfield>
    <subfield code="c">BSZ</subfield>
    <subfield code="d">b</subfield>
    <subfield code="9">p</subfield>
  </datafield>
  <datafield tag="924" ind1="0" ind2=" ">
    <subfield code="a">3080446550</subfield>
    <subfield code="b">DE-352</subfield>
    <subfield code="9">352</subfield>
    <subfield code="c">BSZ</subfield>
    <subfield code="d">c</subfield>
    <subfield code="g">pol 718:c/e42(2)</subfield>
  </datafield>
  <datafield tag="924" ind1="0" ind2=" ">
    <subfield code="a">3080446623</subfield>
    <subfield code="b">DE-24</subfield>
    <subfield code="9">24</subfield>
    <subfield code="c">BSZ</subfield>
    <subfield code="d">c</subfield>
    <subfield code="g">41/21307</subfield>
  </datafield>
  <datafield tag="924" ind1="0" ind2=" ">
    <subfield code="a">3080446690</subfield>
    <subfield code="b">DE-180</subfield>
    <subfield code="9">180</subfield>
    <subfield code="c">BSZ</subfield>
    <subfield code="d">d</subfield>
    <subfield code="g">A/0125(02)</subfield>
    <subfield code="h">225</subfield>
  </datafield>
  <datafield tag="924" ind1="0" ind2=" ">
    <subfield code="a">3080446712</subfield>
    <subfield code="b">DE-180</subfield>
    <subfield code="9">180</subfield>
    <subfield code="c">BSZ</subfield>
    <subfield code="d">d</subfield>
    <subfield code="g">300 PN 201 E34(2)</subfield>
    <subfield code="h">300</subfield>
  </datafield>
  <datafield tag="924" ind1="0" ind2=" ">
    <subfield code="a">3080446739</subfield>
    <subfield code="b">DE-180</subfield>
    <subfield code="9">180</subfield>
    <subfield code="c">BSZ</subfield>
    <subfield code="d">d</subfield>
    <subfield code="g">B 1.1/31</subfield>
    <subfield code="h">250</subfield>
  </datafield>
  <datafield tag="924" ind1="0" ind2=" ">
    <subfield code="a">3080446747</subfield>
    <subfield code="b">DE-180</subfield>
    <subfield code="9">180</subfield>
    <subfield code="c">BSZ</subfield>
    <subfield code="d">c</subfield>
    <subfield code="g">92 A 1087</subfield>
    <subfield code="h">MAG07</subfield>
  </datafield>
  <datafield tag="924" ind1="0" ind2=" ">
    <subfield code="a">3080446836</subfield>
    <subfield code="b">DE-15</subfield>
    <subfield code="9">15</subfield>
    <subfield code="c">BSZ</subfield>
    <subfield code="d">c</subfield>
  </datafield>
  <datafield tag="924" ind1="0" ind2=" ">
    <subfield code="a">3080446844</subfield>
    <subfield code="b">DE-15-292</subfield>
    <subfield code="9">15/292</subfield>
    <subfield code="c">BSZ</subfield>
    <subfield code="d">d</subfield>
    <subfield code="9">v</subfield>
  </datafield>
  <datafield tag="924" ind1="0" ind2=" ">
    <subfield code="a">3080446933</subfield>
    <subfield code="b">DE-16</subfield>
    <subfield code="9">16</subfield>
    <subfield code="c">BSZ</subfield>
    <subfield code="d">c</subfield>
    <subfield code="g">91 A 12602</subfield>
  </datafield>
  <datafield tag="924" ind1="0" ind2=" ">
    <subfield code="a">3080447026</subfield>
    <subfield code="b">DE-16-13</subfield>
    <subfield code="9">16/13</subfield>
    <subfield code="c">BSZ</subfield>
    <subfield code="d">b</subfield>
    <subfield code="g">JU/PN 202 E34(2)</subfield>
    <subfield code="9">p</subfield>
  </datafield>
  <datafield tag="924" ind1="0" ind2=" ">
    <subfield code="a">3080447131</subfield>
    <subfield code="b">DE-93-104</subfield>
    <subfield code="9">93/104</subfield>
    <subfield code="c">BSZ</subfield>
    <subfield code="d">b</subfield>
    <subfield code="g">A 216(2)</subfield>
    <subfield code="9">p</subfield>
  </datafield>
  <datafield tag="924" ind1="0" ind2=" ">
    <subfield code="a">3080447255</subfield>
    <subfield code="b">DE-31</subfield>
    <subfield code="9">31</subfield>
    <subfield code="c">BSZ</subfield>
    <subfield code="d">c</subfield>
  </datafield>
  <datafield tag="924" ind1="0" ind2=" ">
    <subfield code="a">3080447344</subfield>
    <subfield code="b">DE-Ch1</subfield>
    <subfield code="9">Ch 1</subfield>
    <subfield code="c">BSZ</subfield>
    <subfield code="d">c</subfield>
    <subfield code="g">MF 7000 ver</subfield>
  </datafield>
  <datafield tag="924" ind1="0" ind2=" ">
    <subfield code="a">3080447395</subfield>
    <subfield code="b">DE-Ka26</subfield>
    <subfield code="9">Ka 26</subfield>
    <subfield code="c">BSZ</subfield>
    <subfield code="d">c</subfield>
    <subfield code="g">AB 1227(2)</subfield>
  </datafield>
  <datafield tag="924" ind1="0" ind2=" ">
    <subfield code="a">3080447492</subfield>
    <subfield code="b">DE-B208</subfield>
    <subfield code="9">B 208</subfield>
    <subfield code="c">BSZ</subfield>
    <subfield code="d">c</subfield>
  </datafield>
  <datafield tag="924" ind1="0" ind2=" ">
    <subfield code="a">308044759X</subfield>
    <subfield code="b">DE-122</subfield>
    <subfield code="9">122</subfield>
    <subfield code="c">BSZ</subfield>
    <subfield code="d">b</subfield>
    <subfield code="g">R 600 Ver</subfield>
    <subfield code="9">p</subfield>
  </datafield>
  <datafield tag="924" ind1="0" ind2=" ">
    <subfield code="a">3080447670</subfield>
    <subfield code="b">DE-Sp3</subfield>
    <subfield code="9">Sp 3</subfield>
    <subfield code="c">BSZ</subfield>
    <subfield code="d">b</subfield>
    <subfield code="9">p</subfield>
  </datafield>
  <datafield tag="924" ind1="0" ind2=" ">
    <subfield code="a">3080447832</subfield>
    <subfield code="b">DE-Frei26</subfield>
    <subfield code="9">Frei 26</subfield>
    <subfield code="c">BSZ</subfield>
    <subfield code="d">c</subfield>
    <subfield code="g">CC 7353</subfield>
  </datafield>
  <datafield tag="924" ind1="0" ind2=" ">
    <subfield code="a">3080447905</subfield>
    <subfield code="b">DE-Zi4</subfield>
    <subfield code="9">Zi 4</subfield>
    <subfield code="c">BSZ</subfield>
    <subfield code="d">c</subfield>
  </datafield>
  <datafield tag="924" ind1="0" ind2=" ">
    <subfield code="a">3080448049</subfield>
    <subfield code="b">DE-520</subfield>
    <subfield code="9">520</subfield>
    <subfield code="c">BSZ</subfield>
    <subfield code="d">c</subfield>
    <subfield code="g">QQ 000-99 4420 01</subfield>
  </datafield>
  <datafield tag="924" ind1="0" ind2=" ">
    <subfield code="a">3080448138</subfield>
    <subfield code="b">DE-Mh35</subfield>
    <subfield code="9">Mh 35</subfield>
    <subfield code="c">BSZ</subfield>
    <subfield code="d">c</subfield>
  </datafield>
  <datafield tag="924" ind1="0" ind2=" ">
    <subfield code="a">3080448200</subfield>
    <subfield code="b">DE-296</subfield>
    <subfield code="9">296</subfield>
    <subfield code="c">BSZ</subfield>
    <subfield code="d">c</subfield>
    <subfield code="g">HB</subfield>
  </datafield>
  <datafield tag="924" ind1="0" ind2=" ">
    <subfield code="a">3080448278</subfield>
    <subfield code="b">DE-1147</subfield>
    <subfield code="9">1147</subfield>
    <subfield code="c">BSZ</subfield>
    <subfield code="d">c</subfield>
    <subfield code="g">Da a 1015 2.A.</subfield>
  </datafield>
  <datafield tag="924" ind1="0" ind2=" ">
    <subfield code="a">3080448332</subfield>
    <subfield code="b">DE-Vil3</subfield>
    <subfield code="9">Vil 3</subfield>
    <subfield code="c">BSZ</subfield>
    <subfield code="d">b</subfield>
    <subfield code="g">Jur 19</subfield>
    <subfield code="9">p</subfield>
  </datafield>
  <datafield tag="924" ind1="0" ind2=" ">
    <subfield code="a">308044843X</subfield>
    <subfield code="b">DE-Sam1</subfield>
    <subfield code="9">Sam 1</subfield>
    <subfield code="c">BSZ</subfield>
    <subfield code="d">b</subfield>
    <subfield code="g">534/+25/1991</subfield>
    <subfield code="h">1/H</subfield>
    <subfield code="9">p</subfield>
  </datafield>
  <datafield tag="924" ind1="0" ind2=" ">
    <subfield code="a">3080448510</subfield>
    <subfield code="b">DE-Stg285</subfield>
    <subfield code="9">Stg 285</subfield>
    <subfield code="c">BSZ</subfield>
    <subfield code="d">b</subfield>
    <subfield code="g">B 20/7</subfield>
    <subfield code="h">A1ES HB Maier</subfield>
    <subfield code="9">p</subfield>
  </datafield>
  <datafield tag="924" ind1="0" ind2=" ">
    <subfield code="a">3080448596</subfield>
    <subfield code="b">DE-B69</subfield>
    <subfield code="9">B 69</subfield>
    <subfield code="c">BSZ</subfield>
    <subfield code="d">d</subfield>
    <subfield code="g">Q1.55</subfield>
  </datafield>
  <datafield tag="924" ind1="0" ind2=" ">
    <subfield code="a">3080448685</subfield>
    <subfield code="b">DE-1845</subfield>
    <subfield code="9">1845</subfield>
    <subfield code="c">BSZ</subfield>
    <subfield code="d">d</subfield>
    <subfield code="g">PN 201 E34(2)</subfield>
  </datafield>
  <datafield tag="935" ind1=" " ind2=" ">
    <subfield code="i">Blocktest</subfield>
  </datafield>
  <datafield tag="936" ind1="r" ind2="v">
    <subfield code="a">PN 201</subfield>
  </datafield>
  <datafield tag="936" ind1="b" ind2="k">
    <subfield code="a">86.47</subfield>
    <subfield code="j">Allgemeines Verwaltungsrecht: Allgemeines</subfield>
    <subfield code="0">(DE-627)106418106</subfield>
  </datafield>
  <datafield tag="936" ind1="b" ind2="k">
    <subfield code="a">88.00</subfield>
    <subfield code="j">Verwaltungslehre</subfield>
    <subfield code="j">Verwaltungswissenschaft: Allgemeines</subfield>
    <subfield code="0">(DE-627)106423517</subfield>
  </datafield>
<datafield tag="690" ind1="H" ind2="D">
            <subfield code="8">YQ</subfield>
            <subfield code="a">Wirtschaftswissenschaften : Spezielle Betriebswirtschaftslehren</subfield>
            <subfield code="2">HSG-IFF</subfield>
        </datafield></record>