<record xmlns="http://www.loc.gov/MARC21/slim">
  <leader>00804nam a2200241 c 4500</leader>
  <controlfield tag="001">(DE-602)gbv_410671606</controlfield>
  <controlfield tag="003">DE-602</controlfield>
  <controlfield tag="005">20190218191342.0</controlfield>
  <controlfield tag="008">990101s1968    sz            000 0 ger d</controlfield>
  <datafield tag="035" ind1=" " ind2=" ">
    <subfield code="a">(OCoLC)492660047</subfield>
  </datafield>
  <datafield tag="035" ind1=" " ind2=" ">
    <subfield code="a">(DE-576)221677763</subfield>
  </datafield>
  <datafield tag="035" ind1=" " ind2=" ">
    <subfield code="a">(DE-599)GBV410671606</subfield>
  </datafield>
  <datafield tag="040" ind1=" " ind2=" ">
    <subfield code="b">ger</subfield>
    <subfield code="c">GBVCP</subfield>
  </datafield>
  <datafield tag="041" ind1="0" ind2=" ">
    <subfield code="a">ger</subfield>
  </datafield>
  <datafield tag="049" ind1=" " ind2=" ">
    <subfield code="a">DE-1</subfield>
  </datafield>
  <datafield tag="245" ind1="0" ind2="0">
    <subfield code="a">Zinsniveau und Zinsstruktur</subfield>
    <subfield code="b">Versuch e. internat. Zinsvergleichs durch Berechnung von Zinsmessziffern. Hrsg. von d. Schweizer. Bankgesellschaft</subfield>
  </datafield>
  <datafield tag="264" ind1="3" ind2="1">
    <subfield code="a">Zürich</subfield>
    <subfield code="c">(1968)</subfield>
  </datafield>
  <datafield tag="300" ind1=" " ind2=" ">
    <subfield code="a">34 S. 8"</subfield>
    <subfield code="c">8°</subfield>
  </datafield>
  <datafield tag="951" ind1=" " ind2=" ">
    <subfield code="a">BO</subfield>
  </datafield>
  <datafield tag="980" ind1=" " ind2=" ">
    <subfield code="2">11</subfield>
    <subfield code="1">01</subfield>
    <subfield code="b">448401444</subfield>
    <subfield code="f">9</subfield>
    <subfield code="d">24 A 891</subfield>
    <subfield code="e">u</subfield>
    <subfield code="x">0001</subfield>
    <subfield code="y">r</subfield>
    <subfield code="z">11-04-98</subfield>
  </datafield>
  <datafield tag="980" ind1=" " ind2=" ">
    <subfield code="2">640</subfield>
    <subfield code="1">01</subfield>
    <subfield code="b">127693582X</subfield>
    <subfield code="f">Magazin</subfield>
    <subfield code="d">1970/1712</subfield>
    <subfield code="e">u</subfield>
    <subfield code="h">SAGA</subfield>
    <subfield code="x">0205</subfield>
    <subfield code="y">n</subfield>
    <subfield code="z">21-10-11</subfield>
  </datafield>
  <datafield tag="995" ind1=" " ind2=" ">
    <subfield code="2">640</subfield>
    <subfield code="1">01</subfield>
    <subfield code="a">SAGA</subfield>
  </datafield>
  <datafield tag="924" ind1=" " ind2=" ">
    <subfield code="a">410671606</subfield>
    <subfield code="b">DE-1</subfield>
    <subfield code="c">KOBV</subfield>
    <subfield code="d">l</subfield>
    <subfield code="c">KOBV</subfield>
  </datafield>
<datafield tag="690" ind1="H" ind2="D">
            <subfield code="8">YK</subfield>
            <subfield code="a">Wirtschaftswissenschaften : Geld, Kredit- und Bankwesen. Bankbetriebslehre : Haushaltsaufstellung, -verwaltung und -kontrolle</subfield>
            <subfield code="2">HSG-IFF</subfield>
        </datafield></record>