<record xmlns="http://www.loc.gov/MARC21/slim">
  <leader>04192cam a2200901   4500</leader>
  <controlfield tag="001">(DE-627)024241016</controlfield>
  <controlfield tag="003">DE-627</controlfield>
  <controlfield tag="005">20190317215328.0</controlfield>
  <controlfield tag="007">tu</controlfield>
  <controlfield tag="008">710101s1982    xx ||||| m    00| ||ger c</controlfield>
  <datafield tag="015" ind1=" " ind2=" ">
    <subfield code="a">82,A20,0236</subfield>
    <subfield code="2">dnb</subfield>
  </datafield>
  <datafield tag="016" ind1="7" ind2=" ">
    <subfield code="a">820510122</subfield>
    <subfield code="2">DE-101</subfield>
  </datafield>
  <datafield tag="020" ind1=" " ind2=" ">
    <subfield code="a">3725520836</subfield>
  </datafield>
  <datafield tag="035" ind1=" " ind2=" ">
    <subfield code="a">(DE-627)024241016</subfield>
  </datafield>
  <datafield tag="035" ind1=" " ind2=" ">
    <subfield code="a">(DE-576)008765847</subfield>
  </datafield>
  <datafield tag="035" ind1=" " ind2=" ">
    <subfield code="a">(DE-599)GBV024241016</subfield>
  </datafield>
  <datafield tag="035" ind1=" " ind2=" ">
    <subfield code="a">(OCoLC)9194329</subfield>
  </datafield>
  <datafield tag="035" ind1=" " ind2=" ">
    <subfield code="a">(OCoLC)09194329</subfield>
  </datafield>
  <datafield tag="035" ind1=" " ind2=" ">
    <subfield code="a">(DE-604)8000815470</subfield>
  </datafield>
  <datafield tag="040" ind1=" " ind2=" ">
    <subfield code="a">DE-627</subfield>
    <subfield code="b">ger</subfield>
    <subfield code="c">DE-627</subfield>
    <subfield code="e">rakwb</subfield>
  </datafield>
  <datafield tag="041" ind1=" " ind2=" ">
    <subfield code="a">ger</subfield>
  </datafield>
  <datafield tag="044" ind1=" " ind2=" ">
    <subfield code="c">XA-CH</subfield>
  </datafield>
  <datafield tag="050" ind1=" " ind2="0">
    <subfield code="a">HV1481.S92</subfield>
  </datafield>
  <datafield tag="082" ind1="0" ind2=" ">
    <subfield code="a">362.63</subfield>
  </datafield>
  <datafield tag="082" ind1="0" ind2=" ">
    <subfield code="a">362.6/3</subfield>
    <subfield code="q">OCLC</subfield>
  </datafield>
  <datafield tag="084" ind1=" " ind2=" ">
    <subfield code="a">17</subfield>
    <subfield code="a">14</subfield>
    <subfield code="2">sdnb</subfield>
  </datafield>
  <datafield tag="084" ind1=" " ind2=" ">
    <subfield code="a">QX 400</subfield>
    <subfield code="2">rvk</subfield>
  </datafield>
  <datafield tag="100" ind1="1" ind2=" ">
    <subfield code="a">Bürgisser-Peters, Petra</subfield>
    <subfield code="0">(DE-588)1157262503</subfield>
    <subfield code="0">(DE-627)1021053961</subfield>
    <subfield code="0">(DE-576)502788313</subfield>
  </datafield>
  <datafield tag="245" ind1="1" ind2="0">
    <subfield code="a">Verteilungswirkungen der staatlichen Altersvorsorge in der Schweiz</subfield>
    <subfield code="c">Petra Bürgisser-Peters</subfield>
  </datafield>
  <datafield tag="264" ind1=" " ind2="1">
    <subfield code="a">Zürich</subfield>
    <subfield code="b">Schulthess</subfield>
    <subfield code="c">1982</subfield>
  </datafield>
  <datafield tag="300" ind1=" " ind2=" ">
    <subfield code="a">VI, 329 S</subfield>
    <subfield code="b">graph. Darst</subfield>
    <subfield code="c">8°</subfield>
  </datafield>
  <datafield tag="336" ind1=" " ind2=" ">
    <subfield code="a">Text</subfield>
    <subfield code="b">txt</subfield>
    <subfield code="2">rdacontent</subfield>
  </datafield>
  <datafield tag="337" ind1=" " ind2=" ">
    <subfield code="a">ohne Hilfsmittel zu benutzen</subfield>
    <subfield code="b">n</subfield>
    <subfield code="2">rdamedia</subfield>
  </datafield>
  <datafield tag="338" ind1=" " ind2=" ">
    <subfield code="a">Band</subfield>
    <subfield code="b">nc</subfield>
    <subfield code="2">rdacarrier</subfield>
  </datafield>
  <datafield tag="490" ind1="1" ind2=" ">
    <subfield code="a">Basler sozialökonomische Studien</subfield>
    <subfield code="v">15</subfield>
  </datafield>
  <datafield tag="502" ind1=" " ind2=" ">
    <subfield code="a">Zugl.: Basel, Univ., Diss., 1981</subfield>
  </datafield>
  <datafield tag="591" ind1=" " ind2=" ">
    <subfield code="a">720 ff. bvb; 580 ff. bvb ; 720 ff. (DDC): GBV/LOC ; IMD-Felder und 1131 maschinell ergänzt (SWB)</subfield>
  </datafield>
  <datafield tag="653" ind1=" " ind2="0">
    <subfield code="a">Economic conditions</subfield>
    <subfield code="x">Switzerland</subfield>
  </datafield>
  <datafield tag="653" ind1=" " ind2="0">
    <subfield code="a">Switzerland</subfield>
  </datafield>
  <datafield tag="653" ind1=" " ind2="0">
    <subfield code="a">Switzerland</subfield>
  </datafield>
  <datafield tag="653" ind1=" " ind2="0">
    <subfield code="a">Switzerland</subfield>
  </datafield>
  <datafield tag="655" ind1=" " ind2="7">
    <subfield code="a">Hochschulschrift</subfield>
    <subfield code="0">(DE-588)4113937-9</subfield>
    <subfield code="0">(DE-627)105825778</subfield>
    <subfield code="0">(DE-576)209480580</subfield>
    <subfield code="2">gnd-content</subfield>
  </datafield>
  <datafield tag="689" ind1="0" ind2="0">
    <subfield code="D">g</subfield>
    <subfield code="0">(DE-588)4053881-3</subfield>
    <subfield code="0">(DE-627)104584904</subfield>
    <subfield code="0">(DE-576)20910614X</subfield>
    <subfield code="a">Schweiz</subfield>
    <subfield code="2">gnd</subfield>
  </datafield>
  <datafield tag="689" ind1="0" ind2="1">
    <subfield code="D">s</subfield>
    <subfield code="0">(DE-588)4049507-3</subfield>
    <subfield code="0">(DE-627)106186698</subfield>
    <subfield code="0">(DE-576)209082399</subfield>
    <subfield code="a">Rentenversicherung</subfield>
    <subfield code="2">gnd</subfield>
  </datafield>
  <datafield tag="689" ind1="0" ind2="2">
    <subfield code="D">s</subfield>
    <subfield code="0">(DE-588)4013898-7</subfield>
    <subfield code="0">(DE-627)106341626</subfield>
    <subfield code="0">(DE-576)208905936</subfield>
    <subfield code="a">Einkommensverteilung</subfield>
    <subfield code="2">gnd</subfield>
  </datafield>
  <datafield tag="689" ind1="0" ind2=" ">
    <subfield code="5">DE-576</subfield>
  </datafield>
  <datafield tag="689" ind1="1" ind2="0">
    <subfield code="D">g</subfield>
    <subfield code="0">(DE-588)4053881-3</subfield>
    <subfield code="0">(DE-627)104584904</subfield>
    <subfield code="0">(DE-576)20910614X</subfield>
    <subfield code="a">Schweiz</subfield>
    <subfield code="2">gnd</subfield>
  </datafield>
  <datafield tag="689" ind1="1" ind2="1">
    <subfield code="D">s</subfield>
    <subfield code="0">(DE-588)4001479-4</subfield>
    <subfield code="0">(DE-627)10639696X</subfield>
    <subfield code="0">(DE-576)208843027</subfield>
    <subfield code="a">Altersversorgung</subfield>
    <subfield code="2">gnd</subfield>
  </datafield>
  <datafield tag="689" ind1="1" ind2="2">
    <subfield code="D">s</subfield>
    <subfield code="0">(DE-588)4123447-9</subfield>
    <subfield code="0">(DE-627)10443449X</subfield>
    <subfield code="0">(DE-576)209559799</subfield>
    <subfield code="a">Inzidenz</subfield>
    <subfield code="g">Wirtschaft</subfield>
    <subfield code="2">gnd</subfield>
  </datafield>
  <datafield tag="689" ind1="1" ind2=" ">
    <subfield code="5">DE-576</subfield>
  </datafield>
  <datafield tag="689" ind1="2" ind2="0">
    <subfield code="D">g</subfield>
    <subfield code="0">(DE-588)4053881-3</subfield>
    <subfield code="0">(DE-627)104584904</subfield>
    <subfield code="0">(DE-576)20910614X</subfield>
    <subfield code="a">Schweiz</subfield>
    <subfield code="2">gnd</subfield>
  </datafield>
  <datafield tag="689" ind1="2" ind2="1">
    <subfield code="D">s</subfield>
    <subfield code="0">(DE-588)4001479-4</subfield>
    <subfield code="0">(DE-627)10639696X</subfield>
    <subfield code="0">(DE-576)208843027</subfield>
    <subfield code="a">Altersversorgung</subfield>
    <subfield code="2">gnd</subfield>
  </datafield>
  <datafield tag="689" ind1="2" ind2=" ">
    <subfield code="5">DE-576</subfield>
  </datafield>
  <datafield tag="689" ind1="3" ind2="0">
    <subfield code="D">s</subfield>
    <subfield code="0">(DE-588)4206726-1</subfield>
    <subfield code="0">(DE-627)105125636</subfield>
    <subfield code="0">(DE-576)210176970</subfield>
    <subfield code="a">Alters- und Hinterlassenenversicherung</subfield>
    <subfield code="2">gnd</subfield>
  </datafield>
  <datafield tag="689" ind1="3" ind2="1">
    <subfield code="D">s</subfield>
    <subfield code="0">(DE-588)4013898-7</subfield>
    <subfield code="0">(DE-627)106341626</subfield>
    <subfield code="0">(DE-576)208905936</subfield>
    <subfield code="a">Einkommensverteilung</subfield>
    <subfield code="2">gnd</subfield>
  </datafield>
  <datafield tag="689" ind1="3" ind2=" ">
    <subfield code="5">DE-576</subfield>
  </datafield>
  <datafield tag="751" ind1=" " ind2=" ">
    <subfield code="a">Basel</subfield>
    <subfield code="0">(DE-588)4004617-5</subfield>
    <subfield code="0">(DE-627)10638497X</subfield>
    <subfield code="0">(DE-576)208856919</subfield>
    <subfield code="4">uvp</subfield>
  </datafield>
  <datafield tag="830" ind1=" " ind2="0">
    <subfield code="a">Basler sozialökonomische Studien</subfield>
    <subfield code="v">15</subfield>
    <subfield code="9">1500</subfield>
    <subfield code="w">(DE-627)129397318</subfield>
    <subfield code="w">(DE-576)003701077</subfield>
    <subfield code="w">(DE-600)185901-8</subfield>
  </datafield>
  <datafield tag="924" ind1="0" ind2=" ">
    <subfield code="a">078286387</subfield>
    <subfield code="b">DE-18</subfield>
    <subfield code="c">GBV</subfield>
    <subfield code="d">L</subfield>
    <subfield code="g">A 1982/7073</subfield>
    <subfield code="i">SUB</subfield>
  </datafield>
  <datafield tag="924" ind1="0" ind2=" ">
    <subfield code="a">334021669</subfield>
    <subfield code="b">DE-8</subfield>
    <subfield code="c">GBV</subfield>
    <subfield code="d">L</subfield>
    <subfield code="g">P 6554-15</subfield>
    <subfield code="i">17</subfield>
  </datafield>
  <datafield tag="924" ind1="0" ind2=" ">
    <subfield code="a">639507778</subfield>
    <subfield code="b">DE-206</subfield>
    <subfield code="c">GBV</subfield>
    <subfield code="i">K:</subfield>
    <subfield code="g">B 181821</subfield>
    <subfield code="d">L</subfield>
  </datafield>
  <datafield tag="924" ind1="0" ind2=" ">
    <subfield code="a">825201373</subfield>
    <subfield code="b">DE-206</subfield>
    <subfield code="c">GBV</subfield>
    <subfield code="d">L</subfield>
    <subfield code="g">1982 A 2014</subfield>
    <subfield code="h">206/1</subfield>
    <subfield code="i">H:</subfield>
  </datafield>
  <datafield tag="924" ind1="0" ind2=" ">
    <subfield code="a">030248299</subfield>
    <subfield code="b">DE-7</subfield>
    <subfield code="c">GBV</subfield>
    <subfield code="g">ZA 36977:15</subfield>
    <subfield code="d">L</subfield>
  </datafield>
  <datafield tag="924" ind1="0" ind2=" ">
    <subfield code="a">265580390</subfield>
    <subfield code="b">DE-7</subfield>
    <subfield code="c">GBV</subfield>
    <subfield code="h">7/148</subfield>
    <subfield code="i">BBWISO</subfield>
    <subfield code="g">16 : O 3115 Bür</subfield>
    <subfield code="d">N</subfield>
  </datafield>
  <datafield tag="924" ind1="0" ind2=" ">
    <subfield code="a">265580404</subfield>
    <subfield code="b">DE-7</subfield>
    <subfield code="c">GBV</subfield>
    <subfield code="d">N</subfield>
    <subfield code="g">16 : O 3115 Bür</subfield>
    <subfield code="h">7/148</subfield>
    <subfield code="i">BBWISO</subfield>
  </datafield>
  <datafield tag="924" ind1="0" ind2=" ">
    <subfield code="a">37393453X</subfield>
    <subfield code="b">DE-89</subfield>
    <subfield code="c">GBV</subfield>
    <subfield code="d">L</subfield>
    <subfield code="g">oek 4623 3ea/29</subfield>
    <subfield code="h">89/18</subfield>
    <subfield code="i">FBW</subfield>
  </datafield>
  <datafield tag="924" ind1="0" ind2=" ">
    <subfield code="a">37393453X</subfield>
    <subfield code="b">DE-35</subfield>
    <subfield code="c">GBV</subfield>
    <subfield code="d">N</subfield>
    <subfield code="g">oek 4623 3ea/29</subfield>
    <subfield code="i">FBW</subfield>
  </datafield>
  <datafield tag="924" ind1="0" ind2=" ">
    <subfield code="a">030248302</subfield>
    <subfield code="b">DE-700</subfield>
    <subfield code="c">GBV</subfield>
    <subfield code="d">L</subfield>
    <subfield code="g">QVZ / Bue</subfield>
    <subfield code="i">J</subfield>
  </datafield>
  <datafield tag="924" ind1="0" ind2=" ">
    <subfield code="a">3176036507</subfield>
    <subfield code="b">DE-21</subfield>
    <subfield code="9">21</subfield>
    <subfield code="c">BSZ</subfield>
    <subfield code="d">c</subfield>
    <subfield code="g">22 A 8125</subfield>
  </datafield>
  <datafield tag="924" ind1="0" ind2=" ">
    <subfield code="a">3176036558</subfield>
    <subfield code="b">DE-25</subfield>
    <subfield code="9">25</subfield>
    <subfield code="c">BSZ</subfield>
    <subfield code="d">c</subfield>
    <subfield code="g">TM 82/2116</subfield>
  </datafield>
  <datafield tag="924" ind1="0" ind2=" ">
    <subfield code="a">3176036639</subfield>
    <subfield code="b">DE-25-10</subfield>
    <subfield code="9">25/10</subfield>
    <subfield code="c">BSZ</subfield>
    <subfield code="d">b</subfield>
    <subfield code="g">Frei 10: O4/655</subfield>
    <subfield code="9">p</subfield>
  </datafield>
  <datafield tag="924" ind1="0" ind2=" ">
    <subfield code="a">3176036701</subfield>
    <subfield code="b">DE-291</subfield>
    <subfield code="9">291</subfield>
    <subfield code="c">BSZ</subfield>
    <subfield code="d">c</subfield>
    <subfield code="g">83-1307</subfield>
  </datafield>
  <datafield tag="924" ind1="0" ind2=" ">
    <subfield code="a">3176036779</subfield>
    <subfield code="b">DE-352</subfield>
    <subfield code="9">352</subfield>
    <subfield code="c">BSZ</subfield>
    <subfield code="d">c</subfield>
    <subfield code="g">wru 152:n/b92</subfield>
  </datafield>
  <datafield tag="924" ind1="0" ind2=" ">
    <subfield code="a">3176036825</subfield>
    <subfield code="b">DE-24</subfield>
    <subfield code="9">24</subfield>
    <subfield code="c">BSZ</subfield>
    <subfield code="d">c</subfield>
    <subfield code="g">32/14613</subfield>
  </datafield>
  <datafield tag="924" ind1="0" ind2=" ">
    <subfield code="a">3176036906</subfield>
    <subfield code="b">DE-180</subfield>
    <subfield code="9">180</subfield>
    <subfield code="c">BSZ</subfield>
    <subfield code="d">c</subfield>
    <subfield code="g">AK 3173</subfield>
    <subfield code="h">MAG01</subfield>
  </datafield>
  <datafield tag="924" ind1="0" ind2=" ">
    <subfield code="a">3176036973</subfield>
    <subfield code="b">DE-16</subfield>
    <subfield code="9">16</subfield>
    <subfield code="c">BSZ</subfield>
    <subfield code="d">c</subfield>
    <subfield code="g">82 P 722</subfield>
  </datafield>
  <datafield tag="935" ind1=" " ind2=" ">
    <subfield code="i">Blocktest</subfield>
  </datafield>
  <datafield tag="936" ind1="r" ind2="v">
    <subfield code="a">QX 400</subfield>
    <subfield code="b">Altersversorgung</subfield>
    <subfield code="k">Wirtschaftswissenschaften</subfield>
    <subfield code="k">Sozialpolitik. Gesundheitswesen. Bildungsökonomie</subfield>
    <subfield code="k">Altersversorgung</subfield>
    <subfield code="0">1271239787</subfield>
    <subfield code="0">(DE-627)1271239787</subfield>
    <subfield code="0">(DE-576)201239787</subfield>
    <subfield code="0">(DE-625)142183:</subfield>
  </datafield>
<datafield tag="690" ind1="H" ind2="D">
            <subfield code="8">YX</subfield>
            <subfield code="a">Wirtschaftswissenschaften : Sozialpolitik. Gesundheitswesen. Bildungsökonomie</subfield>
            <subfield code="2">HSG-IFF</subfield>
        </datafield></record>