<record xmlns="http://www.loc.gov/MARC21/slim">
  <leader>01966cam a2200409   4500</leader>
  <controlfield tag="001">(DE-627)1074625420</controlfield>
  <controlfield tag="003">DE-627</controlfield>
  <controlfield tag="005">20171114123405.0</controlfield>
  <controlfield tag="007">tu</controlfield>
  <controlfield tag="008">850101s1966    xx |||||      00| ||eng c</controlfield>
  <datafield tag="035" ind1=" " ind2=" ">
    <subfield code="a">(DE-627)1074625420</subfield>
  </datafield>
  <datafield tag="035" ind1=" " ind2=" ">
    <subfield code="a">(DE-576)004625420</subfield>
  </datafield>
  <datafield tag="035" ind1=" " ind2=" ">
    <subfield code="a">(DE-599)BSZ004625420</subfield>
  </datafield>
  <datafield tag="035" ind1=" " ind2=" ">
    <subfield code="a">(OCoLC)00172996</subfield>
  </datafield>
  <datafield tag="035" ind1=" " ind2=" ">
    <subfield code="a">(DE-604)8069919216</subfield>
  </datafield>
  <datafield tag="040" ind1=" " ind2=" ">
    <subfield code="a">DE-627</subfield>
    <subfield code="b">ger</subfield>
    <subfield code="c">DE-627</subfield>
    <subfield code="e">rakwb</subfield>
  </datafield>
  <datafield tag="041" ind1=" " ind2=" ">
    <subfield code="a">eng</subfield>
  </datafield>
  <datafield tag="082" ind1="0" ind2=" ">
    <subfield code="a">330.973</subfield>
  </datafield>
  <datafield tag="084" ind1=" " ind2=" ">
    <subfield code="a">QG 620</subfield>
    <subfield code="2">rvk</subfield>
  </datafield>
  <datafield tag="084" ind1=" " ind2=" ">
    <subfield code="a">MG 70910</subfield>
    <subfield code="2">rvk</subfield>
  </datafield>
  <datafield tag="100" ind1="1" ind2=" ">
    <subfield code="a">Redford, Emmette S.</subfield>
    <subfield code="0">(DE-627)1232676314</subfield>
    <subfield code="0">(DE-576)16267631X</subfield>
  </datafield>
  <datafield tag="245" ind1="1" ind2="4">
    <subfield code="a">The role of government in the American economy</subfield>
    <subfield code="c">Emmette S. Redford</subfield>
  </datafield>
  <datafield tag="264" ind1=" " ind2="1">
    <subfield code="a">New York [u.a.]</subfield>
    <subfield code="b">MacMillan [u.a.]</subfield>
    <subfield code="c">1966</subfield>
  </datafield>
  <datafield tag="300" ind1=" " ind2=" ">
    <subfield code="a">148 S.</subfield>
  </datafield>
  <datafield tag="336" ind1=" " ind2=" ">
    <subfield code="a">Text</subfield>
    <subfield code="b">txt</subfield>
    <subfield code="2">rdacontent</subfield>
  </datafield>
  <datafield tag="337" ind1=" " ind2=" ">
    <subfield code="a">ohne Hilfsmittel zu benutzen</subfield>
    <subfield code="b">n</subfield>
    <subfield code="2">rdamedia</subfield>
  </datafield>
  <datafield tag="338" ind1=" " ind2=" ">
    <subfield code="a">Band</subfield>
    <subfield code="b">nc</subfield>
    <subfield code="2">rdacarrier</subfield>
  </datafield>
  <datafield tag="490" ind1="0" ind2=" ">
    <subfield code="a">Government in the modern world</subfield>
  </datafield>
  <datafield tag="591" ind1=" " ind2=" ">
    <subfield code="a">720 ff. bvb ; IMD-Felder und 1131 maschinell ergänzt (SWB)</subfield>
  </datafield>
  <datafield tag="924" ind1="0" ind2=" ">
    <subfield code="a">2034938844</subfield>
    <subfield code="b">DE-21-19</subfield>
    <subfield code="9">21/19</subfield>
    <subfield code="c">BSZ</subfield>
    <subfield code="d">b</subfield>
    <subfield code="g">QI 658</subfield>
    <subfield code="9">p</subfield>
  </datafield>
  <datafield tag="924" ind1="0" ind2=" ">
    <subfield code="a">2034938763</subfield>
    <subfield code="b">DE-25-92</subfield>
    <subfield code="9">25/92</subfield>
    <subfield code="c">BSZ</subfield>
    <subfield code="d">b</subfield>
    <subfield code="g">Frei 92: S VI 15</subfield>
    <subfield code="9">p</subfield>
  </datafield>
  <datafield tag="924" ind1="0" ind2=" ">
    <subfield code="a">203493881X</subfield>
    <subfield code="b">DE-291-109</subfield>
    <subfield code="9">291/109</subfield>
    <subfield code="c">BSZ</subfield>
    <subfield code="d">b</subfield>
    <subfield code="9">p</subfield>
  </datafield>
  <datafield tag="924" ind1="0" ind2=" ">
    <subfield code="a">2034938771</subfield>
    <subfield code="b">DE-352</subfield>
    <subfield code="9">352</subfield>
    <subfield code="c">BSZ</subfield>
    <subfield code="d">c</subfield>
    <subfield code="g">wrg 220/t66c</subfield>
  </datafield>
  <datafield tag="924" ind1="0" ind2=" ">
    <subfield code="a">287806190X</subfield>
    <subfield code="b">DE-180</subfield>
    <subfield code="9">180</subfield>
    <subfield code="c">BSZ</subfield>
    <subfield code="d">d</subfield>
    <subfield code="g">300 QG 620 R315</subfield>
    <subfield code="h">300</subfield>
  </datafield>
  <datafield tag="924" ind1="0" ind2=" ">
    <subfield code="a">203493878X</subfield>
    <subfield code="b">DE-15</subfield>
    <subfield code="9">15</subfield>
    <subfield code="c">BSZ</subfield>
    <subfield code="d">c</subfield>
  </datafield>
  <datafield tag="936" ind1="r" ind2="v">
    <subfield code="a">QG 620</subfield>
    <subfield code="b">USA</subfield>
    <subfield code="k">Wirtschaftswissenschaften</subfield>
    <subfield code="k">Wirtschaftskunde und Allgemeines. Länderstatistisches und regionalstatistisches Material. Wirtschaftspolitik (einschließlich Stellungnahmen dazu) in einzelnen Ländern</subfield>
    <subfield code="k">Amerika</subfield>
    <subfield code="k">USA</subfield>
    <subfield code="0">1271068257</subfield>
    <subfield code="0">(DE-627)1271068257</subfield>
    <subfield code="0">(DE-576)201068257</subfield>
    <subfield code="0">(DE-625)141509:</subfield>
  </datafield>
  <datafield tag="936" ind1="r" ind2="v">
    <subfield code="a">MG 70910</subfield>
    <subfield code="b">Finanz-, Wirtschafts- und Agrarpolitik</subfield>
    <subfield code="k">Politologie</subfield>
    <subfield code="k">Politische Systeme einzelner Länder</subfield>
    <subfield code="k">Europa, Nordamerika</subfield>
    <subfield code="k">Nordamerika</subfield>
    <subfield code="k">USA</subfield>
    <subfield code="k">Einzelne politische Sachgebiete</subfield>
    <subfield code="k">Finanz-, Wirtschafts- und Agrarpolitik</subfield>
    <subfield code="0">1271480727</subfield>
    <subfield code="0">(DE-627)1271480727</subfield>
    <subfield code="0">(DE-576)201480727</subfield>
    <subfield code="0">(DE-625)122860:12222</subfield>
  </datafield>
<datafield tag="690" ind1="H" ind2="D">
            <subfield code="8">YC</subfield>
            <subfield code="a">Wirtschaftswissenschaften : Wirtschaftstheorie, einschliesslich Geldtheorie</subfield>
            <subfield code="2">HSG-IFF</subfield>
        </datafield></record>