<record xmlns="http://www.loc.gov/MARC21/slim">
  <leader>03753cam a2200745   4500</leader>
  <controlfield tag="001">(DE-627)233780556</controlfield>
  <controlfield tag="003">DE-627</controlfield>
  <controlfield tag="005">20190317182144.0</controlfield>
  <controlfield tag="007">tu</controlfield>
  <controlfield tag="008">970905s1997    xx |||||      00| ||ger c</controlfield>
  <datafield tag="015" ind1=" " ind2=" ">
    <subfield code="a">97,A37,0325</subfield>
    <subfield code="2">dnb</subfield>
  </datafield>
  <datafield tag="016" ind1="7" ind2=" ">
    <subfield code="a">951054287</subfield>
    <subfield code="2">DE-101</subfield>
  </datafield>
  <datafield tag="020" ind1=" " ind2=" ">
    <subfield code="a">3700710941</subfield>
    <subfield code="c">: DM 53.40, sfr 53.40, S 390.00 (kart.)</subfield>
  </datafield>
  <datafield tag="035" ind1=" " ind2=" ">
    <subfield code="a">(DE-627)233780556</subfield>
  </datafield>
  <datafield tag="035" ind1=" " ind2=" ">
    <subfield code="a">(DE-576)076065944</subfield>
  </datafield>
  <datafield tag="035" ind1=" " ind2=" ">
    <subfield code="a">(DE-599)GBV233780556</subfield>
  </datafield>
  <datafield tag="035" ind1=" " ind2=" ">
    <subfield code="a">(OCoLC)231771809</subfield>
  </datafield>
  <datafield tag="035" ind1=" " ind2=" ">
    <subfield code="a">(OCoLC)68160292</subfield>
  </datafield>
  <datafield tag="035" ind1=" " ind2=" ">
    <subfield code="a">(DE-604)8115158588</subfield>
  </datafield>
  <datafield tag="040" ind1=" " ind2=" ">
    <subfield code="a">DE-627</subfield>
    <subfield code="b">ger</subfield>
    <subfield code="c">DE-627</subfield>
    <subfield code="e">rakwb</subfield>
  </datafield>
  <datafield tag="041" ind1=" " ind2=" ">
    <subfield code="a">ger</subfield>
  </datafield>
  <datafield tag="044" ind1=" " ind2=" ">
    <subfield code="c">XA-AT</subfield>
  </datafield>
  <datafield tag="084" ind1=" " ind2=" ">
    <subfield code="a">17</subfield>
    <subfield code="2">sdnb</subfield>
  </datafield>
  <datafield tag="084" ind1=" " ind2=" ">
    <subfield code="a">85.27</subfield>
    <subfield code="2">bkl</subfield>
  </datafield>
  <datafield tag="245" ind1="1" ind2="0">
    <subfield code="a">Zukunftsaufgaben der Wirtschaftsprüfung</subfield>
    <subfield code="b">Festschrift aus Anlaß des Jubiläums von Deloitte &amp; Touche Österreich ; 75 Jahre Exinger ; 50 Jahre Österreichische Wirtschaftsberatung</subfield>
    <subfield code="c">hrsg. von Wolfgang Gassner ...</subfield>
  </datafield>
  <datafield tag="263" ind1=" " ind2=" ">
    <subfield code="a">kart. : DM 53.40, sfr 53.40, S 390.00</subfield>
  </datafield>
  <datafield tag="264" ind1=" " ind2="1">
    <subfield code="a">Wien</subfield>
    <subfield code="b">Orac</subfield>
    <subfield code="c">1997</subfield>
  </datafield>
  <datafield tag="300" ind1=" " ind2=" ">
    <subfield code="a">XXI, 382 S</subfield>
    <subfield code="b">graph. Darst</subfield>
    <subfield code="c">24 cm</subfield>
  </datafield>
  <datafield tag="336" ind1=" " ind2=" ">
    <subfield code="a">Text</subfield>
    <subfield code="b">txt</subfield>
    <subfield code="2">rdacontent</subfield>
  </datafield>
  <datafield tag="337" ind1=" " ind2=" ">
    <subfield code="a">ohne Hilfsmittel zu benutzen</subfield>
    <subfield code="b">n</subfield>
    <subfield code="2">rdamedia</subfield>
  </datafield>
  <datafield tag="338" ind1=" " ind2=" ">
    <subfield code="a">Band</subfield>
    <subfield code="b">nc</subfield>
    <subfield code="2">rdacarrier</subfield>
  </datafield>
  <datafield tag="591" ind1=" " ind2=" ">
    <subfield code="a">580 ff. bvb ; IMD-Felder und 1131 maschinell ergänzt (SWB)</subfield>
  </datafield>
  <datafield tag="655" ind1=" " ind2="7">
    <subfield code="a">Aufsatzsammlung</subfield>
    <subfield code="0">(DE-588)4143413-4</subfield>
    <subfield code="0">(DE-627)105605727</subfield>
    <subfield code="0">(DE-576)209726091</subfield>
    <subfield code="2">gnd-content</subfield>
  </datafield>
  <datafield tag="689" ind1="0" ind2="0">
    <subfield code="D">g</subfield>
    <subfield code="0">(DE-588)4043271-3</subfield>
    <subfield code="0">(DE-627)10420317X</subfield>
    <subfield code="0">(DE-576)209054964</subfield>
    <subfield code="a">Österreich</subfield>
    <subfield code="2">gnd</subfield>
  </datafield>
  <datafield tag="689" ind1="0" ind2="1">
    <subfield code="D">s</subfield>
    <subfield code="0">(DE-588)4128343-0</subfield>
    <subfield code="0">(DE-627)105718017</subfield>
    <subfield code="0">(DE-576)209601329</subfield>
    <subfield code="a">Rechnungslegung</subfield>
    <subfield code="2">gnd</subfield>
  </datafield>
  <datafield tag="689" ind1="0" ind2=" ">
    <subfield code="5">DE-101</subfield>
  </datafield>
  <datafield tag="689" ind1="1" ind2="0">
    <subfield code="D">g</subfield>
    <subfield code="0">(DE-588)4043271-3</subfield>
    <subfield code="0">(DE-627)10420317X</subfield>
    <subfield code="0">(DE-576)209054964</subfield>
    <subfield code="a">Österreich</subfield>
    <subfield code="2">gnd</subfield>
  </datafield>
  <datafield tag="689" ind1="1" ind2="1">
    <subfield code="D">s</subfield>
    <subfield code="0">(DE-588)4066505-7</subfield>
    <subfield code="0">(DE-627)10460333X</subfield>
    <subfield code="0">(DE-576)209164832</subfield>
    <subfield code="a">Wirtschaftsprüfung</subfield>
    <subfield code="2">gnd</subfield>
  </datafield>
  <datafield tag="689" ind1="1" ind2=" ">
    <subfield code="5">DE-101</subfield>
  </datafield>
  <datafield tag="689" ind1="2" ind2="0">
    <subfield code="D">g</subfield>
    <subfield code="0">(DE-588)4043271-3</subfield>
    <subfield code="0">(DE-627)10420317X</subfield>
    <subfield code="0">(DE-576)209054964</subfield>
    <subfield code="a">Österreich</subfield>
    <subfield code="2">gnd</subfield>
  </datafield>
  <datafield tag="689" ind1="2" ind2="1">
    <subfield code="D">s</subfield>
    <subfield code="0">(DE-588)4061963-1</subfield>
    <subfield code="0">(DE-627)104665327</subfield>
    <subfield code="0">(DE-576)209142006</subfield>
    <subfield code="a">Unternehmen</subfield>
    <subfield code="2">gnd</subfield>
  </datafield>
  <datafield tag="689" ind1="2" ind2="2">
    <subfield code="D">s</subfield>
    <subfield code="0">(DE-588)4116614-0</subfield>
    <subfield code="0">(DE-627)105805432</subfield>
    <subfield code="0">(DE-576)209503033</subfield>
    <subfield code="a">Steuerrecht</subfield>
    <subfield code="2">gnd</subfield>
  </datafield>
  <datafield tag="689" ind1="2" ind2=" ">
    <subfield code="5">DE-101</subfield>
  </datafield>
  <datafield tag="689" ind1="3" ind2="0">
    <subfield code="D">g</subfield>
    <subfield code="0">(DE-588)4043271-3</subfield>
    <subfield code="0">(DE-627)10420317X</subfield>
    <subfield code="0">(DE-576)209054964</subfield>
    <subfield code="a">Österreich</subfield>
    <subfield code="2">gnd</subfield>
  </datafield>
  <datafield tag="689" ind1="3" ind2="1">
    <subfield code="D">s</subfield>
    <subfield code="0">(DE-588)4128343-0</subfield>
    <subfield code="0">(DE-627)105718017</subfield>
    <subfield code="0">(DE-576)209601329</subfield>
    <subfield code="a">Rechnungslegung</subfield>
    <subfield code="2">gnd</subfield>
  </datafield>
  <datafield tag="689" ind1="3" ind2=" ">
    <subfield code="5">DE-576</subfield>
  </datafield>
  <datafield tag="689" ind1="4" ind2="0">
    <subfield code="D">g</subfield>
    <subfield code="0">(DE-588)4043271-3</subfield>
    <subfield code="0">(DE-627)10420317X</subfield>
    <subfield code="0">(DE-576)209054964</subfield>
    <subfield code="a">Österreich</subfield>
    <subfield code="2">gnd</subfield>
  </datafield>
  <datafield tag="689" ind1="4" ind2="1">
    <subfield code="D">s</subfield>
    <subfield code="0">(DE-588)4066505-7</subfield>
    <subfield code="0">(DE-627)10460333X</subfield>
    <subfield code="0">(DE-576)209164832</subfield>
    <subfield code="a">Wirtschaftsprüfung</subfield>
    <subfield code="2">gnd</subfield>
  </datafield>
  <datafield tag="689" ind1="4" ind2=" ">
    <subfield code="5">DE-576</subfield>
  </datafield>
  <datafield tag="689" ind1="5" ind2="0">
    <subfield code="D">g</subfield>
    <subfield code="0">(DE-588)4043271-3</subfield>
    <subfield code="0">(DE-627)10420317X</subfield>
    <subfield code="0">(DE-576)209054964</subfield>
    <subfield code="a">Österreich</subfield>
    <subfield code="2">gnd</subfield>
  </datafield>
  <datafield tag="689" ind1="5" ind2="1">
    <subfield code="D">s</subfield>
    <subfield code="0">(DE-588)4061963-1</subfield>
    <subfield code="0">(DE-627)104665327</subfield>
    <subfield code="0">(DE-576)209142006</subfield>
    <subfield code="a">Unternehmen</subfield>
    <subfield code="2">gnd</subfield>
  </datafield>
  <datafield tag="689" ind1="5" ind2="2">
    <subfield code="D">s</subfield>
    <subfield code="0">(DE-588)4116614-0</subfield>
    <subfield code="0">(DE-627)105805432</subfield>
    <subfield code="0">(DE-576)209503033</subfield>
    <subfield code="a">Steuerrecht</subfield>
    <subfield code="2">gnd</subfield>
  </datafield>
  <datafield tag="689" ind1="5" ind2=" ">
    <subfield code="5">DE-576</subfield>
  </datafield>
  <datafield tag="700" ind1="1" ind2=" ">
    <subfield code="a">Gassner, Wolfgang</subfield>
    <subfield code="e">Hrsg.</subfield>
    <subfield code="4">edt</subfield>
  </datafield>
  <datafield tag="710" ind1="2" ind2=" ">
    <subfield code="a">Deloitte &amp; Touche Österreich</subfield>
    <subfield code="g">Wien</subfield>
    <subfield code="0">(DE-588)2165197-8</subfield>
    <subfield code="0">(DE-627)23213877X</subfield>
    <subfield code="0">(DE-576)196549221</subfield>
  </datafield>
  <datafield tag="856" ind1="4" ind2="2">
    <subfield code="u">http://www.gbv.de/dms/hbz/toc/ht007834547.pdf</subfield>
    <subfield code="m">DE-605</subfield>
    <subfield code="n">DE-605</subfield>
    <subfield code="q">pdf/application</subfield>
    <subfield code="x">2008-11-15</subfield>
    <subfield code="y">Inhaltsverzeichnis</subfield>
    <subfield code="3">Inhaltsverzeichnis</subfield>
  </datafield>
  <datafield tag="856" ind1="4" ind2="2">
    <subfield code="u">http://d-nb.info/951054287/04</subfield>
    <subfield code="m">DE-605</subfield>
    <subfield code="q">application/pdf</subfield>
    <subfield code="v">20130501</subfield>
    <subfield code="3">Inhaltsverzeichnis</subfield>
  </datafield>
  <datafield tag="856" ind1="4" ind2="2">
    <subfield code="u">http://media.obvsg.at/AC01915018-1002</subfield>
    <subfield code="m">V:AT-OBV</subfield>
    <subfield code="q">text/html</subfield>
    <subfield code="v">20090625000000</subfield>
    <subfield code="3">Inhaltsverzeichnis</subfield>
  </datafield>
  <datafield tag="924" ind1="0" ind2=" ">
    <subfield code="a">403500648</subfield>
    <subfield code="b">DE-Ma9</subfield>
    <subfield code="c">GBV</subfield>
    <subfield code="i">FH</subfield>
    <subfield code="g">2000.14938:1</subfield>
    <subfield code="d">L</subfield>
  </datafield>
  <datafield tag="924" ind1="0" ind2=" ">
    <subfield code="a">415667046</subfield>
    <subfield code="b">DE-Ma9</subfield>
    <subfield code="c">GBV</subfield>
    <subfield code="i">FH-Präsenz</subfield>
    <subfield code="g">2000.14938:2</subfield>
    <subfield code="d">N</subfield>
  </datafield>
  <datafield tag="924" ind1="0" ind2=" ">
    <subfield code="a">415667054</subfield>
    <subfield code="b">DE-Ma9</subfield>
    <subfield code="c">GBV</subfield>
    <subfield code="d">L</subfield>
    <subfield code="g">2000.14938:3</subfield>
    <subfield code="i">FH</subfield>
  </datafield>
  <datafield tag="924" ind1="0" ind2=" ">
    <subfield code="a">278218563</subfield>
    <subfield code="b">DE-700</subfield>
    <subfield code="c">GBV</subfield>
    <subfield code="d">L</subfield>
    <subfield code="g">QMI / Del</subfield>
    <subfield code="i">J-FS</subfield>
  </datafield>
  <datafield tag="924" ind1="0" ind2=" ">
    <subfield code="a">3088846922</subfield>
    <subfield code="b">DE-180</subfield>
    <subfield code="9">180</subfield>
    <subfield code="c">BSZ</subfield>
    <subfield code="d">c</subfield>
    <subfield code="g">2011 BB 2998</subfield>
    <subfield code="h">MAG03</subfield>
  </datafield>
  <datafield tag="935" ind1=" " ind2=" ">
    <subfield code="i">Blocktest</subfield>
  </datafield>
  <datafield tag="936" ind1="b" ind2="k">
    <subfield code="a">85.27</subfield>
    <subfield code="j">Betriebswirtschaftliche Steuerlehre</subfield>
    <subfield code="j">Betriebliches Prüfungswesen</subfield>
    <subfield code="0">(DE-627)181570734</subfield>
  </datafield>
<datafield tag="690" ind1="H" ind2="D">
            <subfield code="8">PK</subfield>
            <subfield code="a">Einkommen- und Vermögensteuern, Ertrag- und Kapitalsteuern : Besteuerung juristischer Personen, Kapitalgesellschaften</subfield>
            <subfield code="2">HSG-IFF</subfield>
        </datafield></record>