<record xmlns="http://www.loc.gov/MARC21/slim">
  <leader>01124caa a22002772  4500</leader>
  <controlfield tag="001">(DE-627)1149245530</controlfield>
  <controlfield tag="003">DE-627</controlfield>
  <controlfield tag="005">20120207154537.0</controlfield>
  <controlfield tag="007">tu</controlfield>
  <controlfield tag="008">990816s1999    xx |||||      00| ||ger c</controlfield>
  <datafield tag="035" ind1=" " ind2=" ">
    <subfield code="a">(DE-627)1149245530</subfield>
  </datafield>
  <datafield tag="035" ind1=" " ind2=" ">
    <subfield code="a">(DE-576)079245536</subfield>
  </datafield>
  <datafield tag="035" ind1=" " ind2=" ">
    <subfield code="a">(DE-599)BSZ079245536</subfield>
  </datafield>
  <datafield tag="040" ind1=" " ind2=" ">
    <subfield code="a">DE-627</subfield>
    <subfield code="b">ger</subfield>
    <subfield code="c">DE-627</subfield>
    <subfield code="e">rakwb</subfield>
  </datafield>
  <datafield tag="041" ind1=" " ind2=" ">
    <subfield code="a">ger</subfield>
  </datafield>
  <datafield tag="100" ind1="1" ind2=" ">
    <subfield code="a">Immenga, Ulrich</subfield>
    <subfield code="d">1934-</subfield>
    <subfield code="0">(DE-588)122904060</subfield>
    <subfield code="0">(DE-627)082225591</subfield>
    <subfield code="0">(DE-576)16153807X</subfield>
  </datafield>
  <datafield tag="245" ind1="1" ind2="0">
    <subfield code="a">Zur extraterritorialen Anwendung der europäischen Fusionskontrolle</subfield>
    <subfield code="c">Ulrich Immenga</subfield>
  </datafield>
  <datafield tag="264" ind1=" " ind2="1">
    <subfield code="c">1999</subfield>
  </datafield>
  <datafield tag="336" ind1=" " ind2=" ">
    <subfield code="a">Text</subfield>
    <subfield code="b">txt</subfield>
    <subfield code="2">rdacontent</subfield>
  </datafield>
  <datafield tag="337" ind1=" " ind2=" ">
    <subfield code="a">ohne Hilfsmittel zu benutzen</subfield>
    <subfield code="b">n</subfield>
    <subfield code="2">rdamedia</subfield>
  </datafield>
  <datafield tag="338" ind1=" " ind2=" ">
    <subfield code="a">Band</subfield>
    <subfield code="b">nc</subfield>
    <subfield code="2">rdacarrier</subfield>
  </datafield>
  <datafield tag="591" ind1=" " ind2=" ">
    <subfield code="a">IMD-Felder und 1131 maschinell ergänzt (SWB)</subfield>
  </datafield>
  <datafield tag="773" ind1="0" ind2="8">
    <subfield code="d">Zürich : Schulhess, Polygraph. Verl., 1999</subfield>
    <subfield code="g">(1999), Seite 347 - 358</subfield>
    <subfield code="h">XV, 861 S</subfield>
    <subfield code="i">In</subfield>
    <subfield code="z">3725538875</subfield>
    <subfield code="t">Der Einfluss des europäischen Rechts auf die Schweiz</subfield>
    <subfield code="w">(DE-627)300971613</subfield>
    <subfield code="w">(DE-576)078956196</subfield>
  </datafield>
  <datafield tag="924" ind1="1" ind2=" ">
    <subfield code="a">2362846024</subfield>
    <subfield code="b">DE-21-24</subfield>
    <subfield code="9">21/24</subfield>
    <subfield code="c">BSZ</subfield>
    <subfield code="d">b</subfield>
    <subfield code="g">In: L,Ib,215</subfield>
    <subfield code="9">p</subfield>
  </datafield>
  <datafield tag="924" ind1="1" ind2=" ">
    <subfield code="a">2703403135</subfield>
    <subfield code="b">DE-208</subfield>
    <subfield code="9">208</subfield>
    <subfield code="c">BSZ</subfield>
    <subfield code="d">b</subfield>
    <subfield code="g">In: M 1209/750</subfield>
  </datafield>
  <datafield tag="936" ind1="u" ind2="w">
    <subfield code="j">1999</subfield>
    <subfield code="h">347 - 358</subfield>
  </datafield>
<datafield tag="690" ind1="H" ind2="D">
            <subfield code="8">WB</subfield>
            <subfield code="a">179 Uebrige Literatur : 179 Oeffentliches Recht</subfield>
            <subfield code="2">HSG-IFF</subfield>
        </datafield></record>