<record xmlns="http://www.loc.gov/MARC21/slim">
  <leader>04924cam a2201117   4500</leader>
  <controlfield tag="001">(DE-627)02723648X</controlfield>
  <controlfield tag="003">DE-627</controlfield>
  <controlfield tag="005">20190317202045.0</controlfield>
  <controlfield tag="007">tu</controlfield>
  <controlfield tag="008">710101s1979    xx |||||      00| ||ger c</controlfield>
  <datafield tag="015" ind1=" " ind2=" ">
    <subfield code="a">79,N14,0074</subfield>
    <subfield code="2">dnb</subfield>
  </datafield>
  <datafield tag="015" ind1=" " ind2=" ">
    <subfield code="a">79,A35,0211</subfield>
    <subfield code="2">dnb</subfield>
  </datafield>
  <datafield tag="016" ind1="7" ind2=" ">
    <subfield code="a">790779129</subfield>
    <subfield code="2">DE-101</subfield>
  </datafield>
  <datafield tag="020" ind1=" " ind2=" ">
    <subfield code="a">3804131247</subfield>
  </datafield>
  <datafield tag="035" ind1=" " ind2=" ">
    <subfield code="a">(DE-627)02723648X</subfield>
  </datafield>
  <datafield tag="035" ind1=" " ind2=" ">
    <subfield code="a">(DE-576)007038380</subfield>
  </datafield>
  <datafield tag="035" ind1=" " ind2=" ">
    <subfield code="a">(DE-599)GBV02723648X</subfield>
  </datafield>
  <datafield tag="035" ind1=" " ind2=" ">
    <subfield code="a">(OCoLC)5477733</subfield>
  </datafield>
  <datafield tag="035" ind1=" " ind2=" ">
    <subfield code="a">(OCoLC)05477733</subfield>
  </datafield>
  <datafield tag="035" ind1=" " ind2=" ">
    <subfield code="a">(DE-604)8022971262</subfield>
  </datafield>
  <datafield tag="040" ind1=" " ind2=" ">
    <subfield code="a">DE-627</subfield>
    <subfield code="b">ger</subfield>
    <subfield code="c">DE-627</subfield>
    <subfield code="e">rakwb</subfield>
  </datafield>
  <datafield tag="041" ind1=" " ind2=" ">
    <subfield code="a">ger</subfield>
  </datafield>
  <datafield tag="044" ind1=" " ind2=" ">
    <subfield code="c">XA-DE</subfield>
  </datafield>
  <datafield tag="082" ind1="0" ind2=" ">
    <subfield code="a">330</subfield>
  </datafield>
  <datafield tag="084" ind1=" " ind2=" ">
    <subfield code="a">17</subfield>
    <subfield code="2">sdnb</subfield>
  </datafield>
  <datafield tag="084" ind1=" " ind2=" ">
    <subfield code="a">QD 000</subfield>
    <subfield code="2">rvk</subfield>
  </datafield>
  <datafield tag="084" ind1=" " ind2=" ">
    <subfield code="a">83.13</subfield>
    <subfield code="2">bkl</subfield>
  </datafield>
  <datafield tag="084" ind1=" " ind2=" ">
    <subfield code="a">83.32</subfield>
    <subfield code="2">bkl</subfield>
  </datafield>
  <datafield tag="100" ind1="1" ind2=" ">
    <subfield code="a">Streit, Manfred E.</subfield>
    <subfield code="d">1939-2017</subfield>
    <subfield code="0">(DE-588)135907152</subfield>
    <subfield code="0">(DE-627)572492030</subfield>
    <subfield code="0">(DE-576)163223335</subfield>
  </datafield>
  <datafield tag="245" ind1="1" ind2="0">
    <subfield code="a">Theorie der Wirtschaftspolitik</subfield>
    <subfield code="c">Manfred E. Streit</subfield>
  </datafield>
  <datafield tag="264" ind1=" " ind2="1">
    <subfield code="a">Düsseldorf</subfield>
    <subfield code="b">Werner</subfield>
    <subfield code="c">1979</subfield>
  </datafield>
  <datafield tag="300" ind1=" " ind2=" ">
    <subfield code="a">XIV, 298 S</subfield>
    <subfield code="b">graph. Darst</subfield>
  </datafield>
  <datafield tag="336" ind1=" " ind2=" ">
    <subfield code="a">Text</subfield>
    <subfield code="b">txt</subfield>
    <subfield code="2">rdacontent</subfield>
  </datafield>
  <datafield tag="337" ind1=" " ind2=" ">
    <subfield code="a">ohne Hilfsmittel zu benutzen</subfield>
    <subfield code="b">n</subfield>
    <subfield code="2">rdamedia</subfield>
  </datafield>
  <datafield tag="338" ind1=" " ind2=" ">
    <subfield code="a">Band</subfield>
    <subfield code="b">nc</subfield>
    <subfield code="2">rdacarrier</subfield>
  </datafield>
  <datafield tag="490" ind1="0" ind2=" ">
    <subfield code="a">Wisu-Texte</subfield>
  </datafield>
  <datafield tag="490" ind1="0" ind2=" ">
    <subfield code="a">Eine Lange-Publikation</subfield>
  </datafield>
  <datafield tag="500" ind1=" " ind2=" ">
    <subfield code="a">Literaturverz. S. 266 - 272.</subfield>
  </datafield>
  <datafield tag="591" ind1=" " ind2=" ">
    <subfield code="a">SW: 610 KNWEPH/she ; 720 ff. bvb ; IMD-Felder und 1131 maschinell ergänzt (SWB)</subfield>
  </datafield>
  <datafield tag="689" ind1="0" ind2="0">
    <subfield code="D">s</subfield>
    <subfield code="0">(DE-588)4066493-4</subfield>
    <subfield code="0">(DE-627)104117133</subfield>
    <subfield code="0">(DE-576)209164816</subfield>
    <subfield code="a">Wirtschaftspolitik</subfield>
    <subfield code="2">gnd</subfield>
  </datafield>
  <datafield tag="689" ind1="0" ind2=" ">
    <subfield code="5">DE-101</subfield>
  </datafield>
  <datafield tag="689" ind1="1" ind2="0">
    <subfield code="D">s</subfield>
    <subfield code="0">(DE-588)4066493-4</subfield>
    <subfield code="0">(DE-627)104117133</subfield>
    <subfield code="0">(DE-576)209164816</subfield>
    <subfield code="a">Wirtschaftspolitik</subfield>
    <subfield code="2">gnd</subfield>
  </datafield>
  <datafield tag="689" ind1="1" ind2="1">
    <subfield code="D">s</subfield>
    <subfield code="0">(DE-588)4059787-8</subfield>
    <subfield code="0">(DE-627)106142275</subfield>
    <subfield code="0">(DE-576)209132256</subfield>
    <subfield code="a">Theorie</subfield>
    <subfield code="2">gnd</subfield>
  </datafield>
  <datafield tag="689" ind1="1" ind2=" ">
    <subfield code="5">DE-101</subfield>
  </datafield>
  <datafield tag="689" ind1="2" ind2="0">
    <subfield code="D">s</subfield>
    <subfield code="0">(DE-588)4066493-4</subfield>
    <subfield code="0">(DE-627)104117133</subfield>
    <subfield code="0">(DE-576)209164816</subfield>
    <subfield code="a">Wirtschaftspolitik</subfield>
    <subfield code="2">gnd</subfield>
  </datafield>
  <datafield tag="689" ind1="2" ind2=" ">
    <subfield code="5">DE-576</subfield>
  </datafield>
  <datafield tag="924" ind1="0" ind2=" ">
    <subfield code="a">106458450</subfield>
    <subfield code="b">DE-84</subfield>
    <subfield code="c">GBV</subfield>
    <subfield code="d">L</subfield>
    <subfield code="g">2544-7279</subfield>
  </datafield>
  <datafield tag="924" ind1="0" ind2=" ">
    <subfield code="a">106458469</subfield>
    <subfield code="b">DE-84</subfield>
    <subfield code="c">GBV</subfield>
    <subfield code="d">L</subfield>
    <subfield code="g">2576-1638</subfield>
  </datafield>
  <datafield tag="924" ind1="0" ind2=" ">
    <subfield code="a">171766016</subfield>
    <subfield code="b">DE-46</subfield>
    <subfield code="c">GBV</subfield>
    <subfield code="d">c</subfield>
    <subfield code="g">a vwl 306/613</subfield>
  </datafield>
  <datafield tag="924" ind1="0" ind2=" ">
    <subfield code="a">171766024</subfield>
    <subfield code="b">DE-46</subfield>
    <subfield code="c">GBV</subfield>
    <subfield code="d">c</subfield>
    <subfield code="g">11h vwl 306/613a</subfield>
    <subfield code="h">BB WiWi</subfield>
  </datafield>
  <datafield tag="924" ind1="0" ind2=" ">
    <subfield code="a">078809215</subfield>
    <subfield code="b">DE-18</subfield>
    <subfield code="c">GBV</subfield>
    <subfield code="d">c</subfield>
    <subfield code="g">A 1981/3060</subfield>
    <subfield code="h">SUB</subfield>
  </datafield>
  <datafield tag="924" ind1="0" ind2=" ">
    <subfield code="a">387785353</subfield>
    <subfield code="b">DE-8</subfield>
    <subfield code="c">GBV</subfield>
    <subfield code="d">c</subfield>
    <subfield code="g">Ag 5746</subfield>
    <subfield code="h">16</subfield>
  </datafield>
  <datafield tag="924" ind1="0" ind2=" ">
    <subfield code="a">618564705</subfield>
    <subfield code="b">DE-8</subfield>
    <subfield code="c">GBV</subfield>
    <subfield code="d">d</subfield>
    <subfield code="g">V 1-4-278</subfield>
    <subfield code="h">8/9</subfield>
  </datafield>
  <datafield tag="924" ind1="0" ind2=" ">
    <subfield code="a">618564713</subfield>
    <subfield code="b">DE-8</subfield>
    <subfield code="c">GBV</subfield>
    <subfield code="d">d</subfield>
    <subfield code="g">V 1-4-282</subfield>
    <subfield code="h">8/9</subfield>
  </datafield>
  <datafield tag="924" ind1="0" ind2=" ">
    <subfield code="a">618564721</subfield>
    <subfield code="b">DE-8</subfield>
    <subfield code="c">GBV</subfield>
    <subfield code="d">d</subfield>
    <subfield code="g">V 1-4-283</subfield>
    <subfield code="h">8/9</subfield>
  </datafield>
  <datafield tag="924" ind1="0" ind2=" ">
    <subfield code="a">61858353X</subfield>
    <subfield code="b">DE-8</subfield>
    <subfield code="c">GBV</subfield>
    <subfield code="d">d</subfield>
    <subfield code="g">V 1-4-278</subfield>
    <subfield code="h">8/9</subfield>
  </datafield>
  <datafield tag="924" ind1="0" ind2=" ">
    <subfield code="a">763014249</subfield>
    <subfield code="b">DE-8</subfield>
    <subfield code="c">GBV</subfield>
    <subfield code="d">d</subfield>
    <subfield code="g">Bb-143+1</subfield>
    <subfield code="h">8/9</subfield>
  </datafield>
  <datafield tag="924" ind1="0" ind2=" ">
    <subfield code="a">724918272</subfield>
    <subfield code="b">DE-206</subfield>
    <subfield code="c">GBV</subfield>
    <subfield code="d">c</subfield>
    <subfield code="g">B 160417</subfield>
    <subfield code="h">K:</subfield>
  </datafield>
  <datafield tag="924" ind1="0" ind2=" ">
    <subfield code="a">872051676</subfield>
    <subfield code="b">DE-206</subfield>
    <subfield code="c">GBV</subfield>
    <subfield code="d">c</subfield>
    <subfield code="g">1979 A 952</subfield>
    <subfield code="h">A:</subfield>
  </datafield>
  <datafield tag="924" ind1="0" ind2=" ">
    <subfield code="a">22022532X</subfield>
    <subfield code="b">DE-27</subfield>
    <subfield code="c">GBV</subfield>
    <subfield code="d">c</subfield>
    <subfield code="g">2014 NA 5846</subfield>
    <subfield code="g">90 NA 2699/1</subfield>
    <subfield code="h">Mag</subfield>
  </datafield>
  <datafield tag="924" ind1="0" ind2=" ">
    <subfield code="a">146489551</subfield>
    <subfield code="b">DE-Ilm1</subfield>
    <subfield code="c">GBV</subfield>
    <subfield code="d">c</subfield>
    <subfield code="g">92 A 875</subfield>
    <subfield code="h">91</subfield>
  </datafield>
  <datafield tag="924" ind1="0" ind2=" ">
    <subfield code="a">038545330</subfield>
    <subfield code="b">DE-7</subfield>
    <subfield code="c">GBV</subfield>
    <subfield code="d">c</subfield>
    <subfield code="g">79 A 18013</subfield>
  </datafield>
  <datafield tag="924" ind1="0" ind2=" ">
    <subfield code="a">105843148</subfield>
    <subfield code="b">DE-7</subfield>
    <subfield code="c">GBV</subfield>
    <subfield code="d">d</subfield>
    <subfield code="e">48</subfield>
    <subfield code="g">AL 03 Str</subfield>
    <subfield code="h">BBWISO</subfield>
  </datafield>
  <datafield tag="924" ind1="0" ind2=" ">
    <subfield code="a">219580642</subfield>
    <subfield code="b">DE-7</subfield>
    <subfield code="c">GBV</subfield>
    <subfield code="d">d</subfield>
    <subfield code="g">28 067</subfield>
    <subfield code="h">7/061</subfield>
  </datafield>
  <datafield tag="924" ind1="0" ind2=" ">
    <subfield code="a">03854539x</subfield>
    <subfield code="b">DE-705</subfield>
    <subfield code="c">GBV</subfield>
    <subfield code="d">d</subfield>
    <subfield code="g">ABGANG</subfield>
  </datafield>
  <datafield tag="924" ind1="0" ind2=" ">
    <subfield code="a">038545403</subfield>
    <subfield code="b">DE-705</subfield>
    <subfield code="c">GBV</subfield>
    <subfield code="d">d</subfield>
    <subfield code="g">ABGANG</subfield>
  </datafield>
  <datafield tag="924" ind1="0" ind2=" ">
    <subfield code="a">038545411</subfield>
    <subfield code="b">DE-705</subfield>
    <subfield code="c">GBV</subfield>
    <subfield code="d">d</subfield>
    <subfield code="g">ABGANG</subfield>
  </datafield>
  <datafield tag="924" ind1="0" ind2=" ">
    <subfield code="a">03854542x</subfield>
    <subfield code="b">DE-705</subfield>
    <subfield code="c">GBV</subfield>
    <subfield code="d">d</subfield>
    <subfield code="g">ABGANG</subfield>
  </datafield>
  <datafield tag="924" ind1="0" ind2=" ">
    <subfield code="a">31391933X</subfield>
    <subfield code="b">DE-89</subfield>
    <subfield code="c">GBV</subfield>
    <subfield code="d">d</subfield>
    <subfield code="e">8</subfield>
    <subfield code="e">8</subfield>
    <subfield code="g">Ausgesondert FBW 06/06(10447) *** L oek 2733/005</subfield>
    <subfield code="g">L oek 2733/005</subfield>
    <subfield code="h">FBW</subfield>
    <subfield code="h">FBW</subfield>
  </datafield>
  <datafield tag="924" ind1="0" ind2=" ">
    <subfield code="a">31391933X</subfield>
    <subfield code="b">DE-35</subfield>
    <subfield code="c">GBV</subfield>
    <subfield code="d">d</subfield>
    <subfield code="e">2</subfield>
    <subfield code="g">L oek 2733/005</subfield>
    <subfield code="h">FBW</subfield>
  </datafield>
  <datafield tag="924" ind1="0" ind2=" ">
    <subfield code="a">276503082</subfield>
    <subfield code="b">DE-35</subfield>
    <subfield code="c">GBV</subfield>
    <subfield code="d">d</subfield>
    <subfield code="g">Wirtschaftswiss., Frank *** QD 000 S</subfield>
    <subfield code="h">FBR LG</subfield>
  </datafield>
  <datafield tag="924" ind1="0" ind2=" ">
    <subfield code="a">261910604</subfield>
    <subfield code="b">DE-841</subfield>
    <subfield code="c">GBV</subfield>
    <subfield code="d">c</subfield>
    <subfield code="g">1979 A 1708</subfield>
    <subfield code="h">Mag</subfield>
  </datafield>
  <datafield tag="924" ind1="0" ind2=" ">
    <subfield code="a">3138977480</subfield>
    <subfield code="b">DE-25</subfield>
    <subfield code="9">25</subfield>
    <subfield code="c">BSZ</subfield>
    <subfield code="d">c</subfield>
    <subfield code="g">TM 79/1777</subfield>
  </datafield>
  <datafield tag="924" ind1="0" ind2=" ">
    <subfield code="a">3138977553</subfield>
    <subfield code="b">DE-25-10</subfield>
    <subfield code="9">25/10</subfield>
    <subfield code="c">BSZ</subfield>
    <subfield code="d">b</subfield>
    <subfield code="g">Frei 10: F1/389</subfield>
    <subfield code="9">p</subfield>
  </datafield>
  <datafield tag="924" ind1="0" ind2=" ">
    <subfield code="a">313897760X</subfield>
    <subfield code="b">DE-291-109</subfield>
    <subfield code="9">291/109</subfield>
    <subfield code="c">BSZ</subfield>
    <subfield code="d">b</subfield>
    <subfield code="9">p</subfield>
  </datafield>
  <datafield tag="924" ind1="0" ind2=" ">
    <subfield code="a">3138977723</subfield>
    <subfield code="b">DE-352</subfield>
    <subfield code="9">352</subfield>
    <subfield code="c">BSZ</subfield>
    <subfield code="d">c</subfield>
  </datafield>
  <datafield tag="924" ind1="0" ind2=" ">
    <subfield code="a">3138977790</subfield>
    <subfield code="b">DE-24</subfield>
    <subfield code="9">24</subfield>
    <subfield code="c">BSZ</subfield>
    <subfield code="d">c</subfield>
    <subfield code="g">29/9679</subfield>
  </datafield>
  <datafield tag="924" ind1="0" ind2=" ">
    <subfield code="a">3138977863</subfield>
    <subfield code="b">DE-180</subfield>
    <subfield code="9">180</subfield>
    <subfield code="c">BSZ</subfield>
    <subfield code="d">d</subfield>
    <subfield code="g">B 3.5.1/59</subfield>
    <subfield code="h">250</subfield>
  </datafield>
  <datafield tag="924" ind1="0" ind2=" ">
    <subfield code="a">3138977871</subfield>
    <subfield code="b">DE-180</subfield>
    <subfield code="9">180</subfield>
    <subfield code="c">BSZ</subfield>
    <subfield code="d">d</subfield>
    <subfield code="g">03,0/0228/10.Ex.</subfield>
    <subfield code="h">378</subfield>
  </datafield>
  <datafield tag="924" ind1="0" ind2=" ">
    <subfield code="a">313897788X</subfield>
    <subfield code="b">DE-180</subfield>
    <subfield code="9">180</subfield>
    <subfield code="c">BSZ</subfield>
    <subfield code="d">d</subfield>
    <subfield code="g">B/0067</subfield>
    <subfield code="h">225</subfield>
  </datafield>
  <datafield tag="924" ind1="0" ind2=" ">
    <subfield code="a">3138977898</subfield>
    <subfield code="b">DE-180</subfield>
    <subfield code="9">180</subfield>
    <subfield code="c">BSZ</subfield>
    <subfield code="d">c</subfield>
    <subfield code="g">AG 9115</subfield>
    <subfield code="h">AUS02</subfield>
  </datafield>
  <datafield tag="924" ind1="0" ind2=" ">
    <subfield code="a">3138977987</subfield>
    <subfield code="b">DE-16</subfield>
    <subfield code="9">16</subfield>
    <subfield code="c">BSZ</subfield>
    <subfield code="d">c</subfield>
    <subfield code="g">79 B 2756</subfield>
  </datafield>
  <datafield tag="924" ind1="0" ind2=" ">
    <subfield code="a">3138978053</subfield>
    <subfield code="b">DE-16-160</subfield>
    <subfield code="9">16/160</subfield>
    <subfield code="c">BSZ</subfield>
    <subfield code="d">c</subfield>
    <subfield code="g">WS/QD 000 S915</subfield>
  </datafield>
  <datafield tag="924" ind1="0" ind2=" ">
    <subfield code="a">3138978150</subfield>
    <subfield code="b">DE-93</subfield>
    <subfield code="9">93</subfield>
    <subfield code="c">BSZ</subfield>
    <subfield code="d">c</subfield>
    <subfield code="g">3J 4262</subfield>
  </datafield>
  <datafield tag="924" ind1="0" ind2=" ">
    <subfield code="a">3138978207</subfield>
    <subfield code="b">DE-31</subfield>
    <subfield code="9">31</subfield>
    <subfield code="c">BSZ</subfield>
    <subfield code="d">c</subfield>
  </datafield>
  <datafield tag="924" ind1="0" ind2=" ">
    <subfield code="a">3138978290</subfield>
    <subfield code="b">DE-Ka26</subfield>
    <subfield code="9">Ka 26</subfield>
    <subfield code="c">BSZ</subfield>
    <subfield code="d">c</subfield>
    <subfield code="g">XG 837</subfield>
  </datafield>
  <datafield tag="924" ind1="0" ind2=" ">
    <subfield code="a">3138978363</subfield>
    <subfield code="b">DE-208</subfield>
    <subfield code="9">208</subfield>
    <subfield code="c">BSZ</subfield>
    <subfield code="d">c</subfield>
    <subfield code="g">St 19766</subfield>
  </datafield>
  <datafield tag="924" ind1="0" ind2=" ">
    <subfield code="a">3138978436</subfield>
    <subfield code="b">DE-747</subfield>
    <subfield code="9">747</subfield>
    <subfield code="c">BSZ</subfield>
    <subfield code="d">c</subfield>
    <subfield code="g">QD 000 S915 T39</subfield>
  </datafield>
  <datafield tag="924" ind1="0" ind2=" ">
    <subfield code="a">3138978525</subfield>
    <subfield code="b">DE-951</subfield>
    <subfield code="9">951</subfield>
    <subfield code="c">BSZ</subfield>
    <subfield code="d">c</subfield>
  </datafield>
  <datafield tag="924" ind1="0" ind2=" ">
    <subfield code="a">3138978711</subfield>
    <subfield code="b">DE-Mh35</subfield>
    <subfield code="9">Mh 35</subfield>
    <subfield code="c">BSZ</subfield>
    <subfield code="d">c</subfield>
  </datafield>
  <datafield tag="924" ind1="0" ind2=" ">
    <subfield code="a">3138978770</subfield>
    <subfield code="b">ZDB-HU-100</subfield>
    <subfield code="9">ZDB-HU-100</subfield>
    <subfield code="c">BSZ</subfield>
    <subfield code="d">b</subfield>
    <subfield code="9">p</subfield>
  </datafield>
  <datafield tag="924" ind1="0" ind2=" ">
    <subfield code="a">3138978843</subfield>
    <subfield code="b">DE-B19</subfield>
    <subfield code="9">B 19</subfield>
    <subfield code="c">BSZ</subfield>
    <subfield code="d">d</subfield>
    <subfield code="g">Ea 220:29 (Ak)</subfield>
  </datafield>
  <datafield tag="935" ind1=" " ind2=" ">
    <subfield code="i">Blocktest</subfield>
  </datafield>
  <datafield tag="936" ind1="r" ind2="v">
    <subfield code="a">QD 000</subfield>
    <subfield code="b">Allgemeines</subfield>
    <subfield code="k">Wirtschaftswissenschaften</subfield>
    <subfield code="k">Allgemeine Wirtschaftspolitik. Wirtschaftssysteme</subfield>
    <subfield code="k">Allgemeine Wirtschaftspolitik</subfield>
    <subfield code="k">Allgemeines</subfield>
    <subfield code="0">1270879332</subfield>
    <subfield code="0">(DE-627)1270879332</subfield>
    <subfield code="0">(DE-576)200879332</subfield>
    <subfield code="0">(DE-625)rvk/141277:</subfield>
  </datafield>
  <datafield tag="936" ind1="b" ind2="k">
    <subfield code="a">83.13</subfield>
    <subfield code="j">Theorie der Wirtschaftspolitik</subfield>
    <subfield code="j">Wohlfahrtstheorie</subfield>
    <subfield code="0">(DE-627)106414844</subfield>
  </datafield>
  <datafield tag="936" ind1="b" ind2="k">
    <subfield code="a">83.32</subfield>
    <subfield code="j">Wettbewerb</subfield>
    <subfield code="0">(DE-627)106420380</subfield>
  </datafield>
<datafield tag="690" ind1="H" ind2="D">
            <subfield code="8">YB</subfield>
            <subfield code="a">Wirtschaftswissenschaften : Allgemeines. Methoden der W. Unterrichts- und Ausbildungsmethoden in den W., Wirtschaftspädagogik</subfield>
            <subfield code="2">HSG-IFF</subfield>
        </datafield></record>