<record xmlns="http://www.loc.gov/MARC21/slim">
  <leader>00705nam a2200253 c 4500</leader>
  <controlfield tag="001">(DE-604)BV007220070</controlfield>
  <controlfield tag="003">DE-604</controlfield>
  <controlfield tag="005">00000000000000.0</controlfield>
  <controlfield tag="007">t</controlfield>
  <controlfield tag="008">930421s1967             |||| 00||| eng d</controlfield>
  <datafield tag="035" ind1=" " ind2=" ">
    <subfield code="a">(OCoLC)634519313</subfield>
  </datafield>
  <datafield tag="035" ind1=" " ind2=" ">
    <subfield code="a">(DE-599)BVBBV007220070</subfield>
  </datafield>
  <datafield tag="040" ind1=" " ind2=" ">
    <subfield code="a">DE-604</subfield>
    <subfield code="b">ger</subfield>
    <subfield code="e">rakddb</subfield>
  </datafield>
  <datafield tag="041" ind1="0" ind2=" ">
    <subfield code="a">eng</subfield>
  </datafield>
  <datafield tag="049" ind1=" " ind2=" ">
    <subfield code="a">DE-355</subfield>
    <subfield code="a">DE-11</subfield>
  </datafield>
  <datafield tag="084" ind1=" " ind2=" ">
    <subfield code="a">QL 270</subfield>
    <subfield code="2">rvk</subfield>
  </datafield>
  <datafield tag="100" ind1="1" ind2=" ">
    <subfield code="a">Johnson, James A.</subfield>
    <subfield code="e">Verfasser</subfield>
    <subfield code="0">(DE-588)153100192</subfield>
    <subfield code="4">aut</subfield>
  </datafield>
  <datafield tag="245" ind1="1" ind2="0">
    <subfield code="a">The incidence of government revenues and expenditures</subfield>
  </datafield>
  <datafield tag="264" ind1=" " ind2="1">
    <subfield code="a">Toronto</subfield>
    <subfield code="b">Fogg</subfield>
    <subfield code="c">1967</subfield>
  </datafield>
  <datafield tag="300" ind1=" " ind2=" ">
    <subfield code="a">IV,107 S.m.Tab.</subfield>
  </datafield>
  <datafield tag="336" ind1=" " ind2=" ">
    <subfield code="b">txt</subfield>
    <subfield code="2">rdacontent</subfield>
  </datafield>
  <datafield tag="337" ind1=" " ind2=" ">
    <subfield code="b">n</subfield>
    <subfield code="2">rdamedia</subfield>
  </datafield>
  <datafield tag="338" ind1=" " ind2=" ">
    <subfield code="b">nc</subfield>
    <subfield code="2">rdacarrier</subfield>
  </datafield>
  <datafield tag="924" ind1=" " ind2=" ">
    <subfield code="a">BV007220070</subfield>
    <subfield code="b">DE-355</subfield>
    <subfield code="c">BVB</subfield>
    <subfield code="d">l</subfield>
  </datafield>
<datafield tag="690" ind1="H" ind2="D">
            <subfield code="8">YL1</subfield>
            <subfield code="a">Wirtschaftswissenschaften : Finanzwissenschaft. Betriebswirtschaftliche Steuerlehre : Allgemeines</subfield>
            <subfield code="2">HSG-IFF</subfield>
        </datafield></record>