<record xmlns="http://www.loc.gov/MARC21/slim">
  <leader>01073nam a2200277 c 4500</leader>
  <controlfield tag="001">(DE-101)861197216</controlfield>
  <controlfield tag="003">DE-101</controlfield>
  <controlfield tag="005">20071229170321.0</controlfield>
  <controlfield tag="007">tu</controlfield>
  <controlfield tag="008">861201s1986    sz ||||| |||| 00||||ger  </controlfield>
  <datafield tag="015" ind1=" " ind2=" ">
    <subfield code="a">86,B51,0189</subfield>
    <subfield code="2">dnb</subfield>
  </datafield>
  <datafield tag="016" ind1="7" ind2=" ">
    <subfield code="2">DE-101</subfield>
    <subfield code="a">861197216</subfield>
  </datafield>
  <datafield tag="020" ind1=" " ind2=" ">
    <subfield code="c">geh. (Pr. nicht mitget.)</subfield>
  </datafield>
  <datafield tag="035" ind1=" " ind2=" ">
    <subfield code="a">(DE-599)DNB861197216</subfield>
  </datafield>
  <datafield tag="035" ind1=" " ind2=" ">
    <subfield code="a">(OCoLC)603662577</subfield>
  </datafield>
  <datafield tag="040" ind1=" " ind2=" ">
    <subfield code="a">1200</subfield>
    <subfield code="b">ger</subfield>
    <subfield code="c">DE-101</subfield>
    <subfield code="d">9999</subfield>
  </datafield>
  <datafield tag="041" ind1=" " ind2=" ">
    <subfield code="a">ger</subfield>
  </datafield>
  <datafield tag="044" ind1=" " ind2=" ">
    <subfield code="c">XA-CH</subfield>
  </datafield>
  <datafield tag="084" ind1=" " ind2=" ">
    <subfield code="a">17</subfield>
    <subfield code="a">16</subfield>
    <subfield code="a">330</subfield>
    <subfield code="a">380</subfield>
    <subfield code="a">650</subfield>
    <subfield code="a">670</subfield>
    <subfield code="q">DE-101</subfield>
    <subfield code="2">sdnb</subfield>
  </datafield>
  <datafield tag="245" ind1="0" ind2="0">
    <subfield code="a">Verbesserung unserer Rahmenbedingungen - Taten statt Worte!</subfield>
    <subfield code="c">Arbeitskreis Kapital in d. Freien Wirtschaft. Walter Hess ...</subfield>
  </datafield>
  <datafield tag="264" ind1=" " ind2="1">
    <subfield code="a">Zürich</subfield>
    <subfield code="b">Akw</subfield>
    <subfield code="c">1986</subfield>
  </datafield>
  <datafield tag="300" ind1=" " ind2=" ">
    <subfield code="a">32 S.</subfield>
    <subfield code="b">graph. Darst.</subfield>
    <subfield code="c">30 cm</subfield>
  </datafield>
  <datafield tag="500" ind1=" " ind2=" ">
    <subfield code="a">In d. Vorlage auch: Cercle d'Etude pour le Capital dans l'Economie Libre</subfield>
  </datafield>
  <datafield tag="700" ind1="1" ind2=" ">
    <subfield code="0">(DE-588)124379915</subfield>
    <subfield code="0">http://d-nb.info/gnd/124379915</subfield>
    <subfield code="0">(DE-101)124379915</subfield>
    <subfield code="a">Hess, Walter</subfield>
    <subfield code="d">1924-</subfield>
    <subfield code="4">oth</subfield>
    <subfield code="e">Mitverf.</subfield>
  </datafield>
  <datafield tag="710" ind1="2" ind2=" ">
    <subfield code="0">(DE-588)2088351-1</subfield>
    <subfield code="0">http://d-nb.info/gnd/2088351-1</subfield>
    <subfield code="0">(DE-101)007374011</subfield>
    <subfield code="a">Arbeitskreis Kapital in der Freien Wirtschaft</subfield>
  </datafield>
  <datafield tag="850" ind1=" " ind2=" ">
    <subfield code="a">DE-101b</subfield>
  </datafield>
<datafield tag="690" ind1="H" ind2="D">
            <subfield code="8">YN</subfield>
            <subfield code="a">Wirtschaftswissenschaften : Konjunkturschwankungen, Stabilitätspolitik</subfield>
            <subfield code="2">HSG-IFF</subfield>
        </datafield></record>