<record xmlns="http://www.loc.gov/MARC21/slim">
  <leader>03516cam a22006492  4500</leader>
  <controlfield tag="001">(DE-627)1072045524</controlfield>
  <controlfield tag="003">DE-627</controlfield>
  <controlfield tag="005">20171111083922.0</controlfield>
  <controlfield tag="007">tu</controlfield>
  <controlfield tag="008">850101s1970    xx |||||      00| ||ger c</controlfield>
  <datafield tag="035" ind1=" " ind2=" ">
    <subfield code="a">(DE-627)1072045524</subfield>
  </datafield>
  <datafield tag="035" ind1=" " ind2=" ">
    <subfield code="a">(DE-576)002045524</subfield>
  </datafield>
  <datafield tag="035" ind1=" " ind2=" ">
    <subfield code="a">(DE-599)BSZ002045524</subfield>
  </datafield>
  <datafield tag="035" ind1=" " ind2=" ">
    <subfield code="a">(OCoLC)246796128</subfield>
  </datafield>
  <datafield tag="035" ind1=" " ind2=" ">
    <subfield code="a">(DE-604)8056988249</subfield>
  </datafield>
  <datafield tag="040" ind1=" " ind2=" ">
    <subfield code="a">DE-627</subfield>
    <subfield code="b">ger</subfield>
    <subfield code="c">DE-627</subfield>
    <subfield code="e">rakwb</subfield>
  </datafield>
  <datafield tag="041" ind1=" " ind2=" ">
    <subfield code="a">ger</subfield>
  </datafield>
  <datafield tag="084" ind1=" " ind2=" ">
    <subfield code="a">PL 394</subfield>
    <subfield code="2">rvk</subfield>
  </datafield>
  <datafield tag="084" ind1=" " ind2=" ">
    <subfield code="a">PP 5345</subfield>
    <subfield code="2">rvk</subfield>
  </datafield>
  <datafield tag="084" ind1=" " ind2=" ">
    <subfield code="a">PP 3915</subfield>
    <subfield code="2">rvk</subfield>
  </datafield>
  <datafield tag="100" ind1="1" ind2=" ">
    <subfield code="a">Leisner, Walter</subfield>
    <subfield code="d">1929-</subfield>
    <subfield code="0">(DE-588)121603385</subfield>
    <subfield code="0">(DE-627)081415842</subfield>
    <subfield code="0">(DE-576)161951112</subfield>
  </datafield>
  <datafield tag="245" ind1="1" ind2="0">
    <subfield code="a">Verfassungsrechtliche Grenzen der Erbschaftsbesteuerung</subfield>
    <subfield code="c">von Walter Leisner</subfield>
  </datafield>
  <datafield tag="264" ind1=" " ind2="1">
    <subfield code="a">Berlin</subfield>
    <subfield code="b">Dunker &amp; Humblot</subfield>
    <subfield code="c">1970</subfield>
  </datafield>
  <datafield tag="300" ind1=" " ind2=" ">
    <subfield code="a">129 S.</subfield>
  </datafield>
  <datafield tag="336" ind1=" " ind2=" ">
    <subfield code="a">Text</subfield>
    <subfield code="b">txt</subfield>
    <subfield code="2">rdacontent</subfield>
  </datafield>
  <datafield tag="337" ind1=" " ind2=" ">
    <subfield code="a">ohne Hilfsmittel zu benutzen</subfield>
    <subfield code="b">n</subfield>
    <subfield code="2">rdamedia</subfield>
  </datafield>
  <datafield tag="338" ind1=" " ind2=" ">
    <subfield code="a">Band</subfield>
    <subfield code="b">nc</subfield>
    <subfield code="2">rdacarrier</subfield>
  </datafield>
  <datafield tag="490" ind1="1" ind2=" ">
    <subfield code="a">Schriften zum Steuerrecht</subfield>
    <subfield code="v">6</subfield>
  </datafield>
  <datafield tag="591" ind1=" " ind2=" ">
    <subfield code="a">720 ff. bvb; 580 ff. bvb ; IMD-Felder und 1131 maschinell ergänzt (SWB)</subfield>
  </datafield>
  <datafield tag="689" ind1="0" ind2="0">
    <subfield code="D">s</subfield>
    <subfield code="0">(DE-588)4015116-5</subfield>
    <subfield code="0">(DE-627)104364335</subfield>
    <subfield code="0">(DE-576)208910492</subfield>
    <subfield code="a">Erbschaftsteuer</subfield>
    <subfield code="2">gnd</subfield>
  </datafield>
  <datafield tag="689" ind1="0" ind2=" ">
    <subfield code="5">DE-576</subfield>
  </datafield>
  <datafield tag="830" ind1=" " ind2="0">
    <subfield code="a">Schriften zum Steuerrecht</subfield>
    <subfield code="9">6</subfield>
    <subfield code="v">6</subfield>
    <subfield code="w">(DE-627)130113026</subfield>
    <subfield code="w">(DE-576)015643727</subfield>
    <subfield code="w">(DE-600)504077-2</subfield>
    <subfield code="x">0582-0235</subfield>
  </datafield>
  <datafield tag="924" ind1="0" ind2=" ">
    <subfield code="a">2015210148</subfield>
    <subfield code="b">DE-21</subfield>
    <subfield code="9">21</subfield>
    <subfield code="c">BSZ</subfield>
    <subfield code="d">c</subfield>
    <subfield code="g">10 A 1960</subfield>
  </datafield>
  <datafield tag="924" ind1="0" ind2=" ">
    <subfield code="a">2015210156</subfield>
    <subfield code="b">DE-21-24</subfield>
    <subfield code="9">21/24</subfield>
    <subfield code="c">BSZ</subfield>
    <subfield code="d">b</subfield>
    <subfield code="g">Oe P,Id,9</subfield>
    <subfield code="9">p</subfield>
  </datafield>
  <datafield tag="924" ind1="0" ind2=" ">
    <subfield code="a">2015210172</subfield>
    <subfield code="b">DE-21-19</subfield>
    <subfield code="9">21/19</subfield>
    <subfield code="c">BSZ</subfield>
    <subfield code="d">b</subfield>
    <subfield code="g">Fi Id 106</subfield>
    <subfield code="9">p</subfield>
  </datafield>
  <datafield tag="924" ind1="0" ind2=" ">
    <subfield code="a">2015209891</subfield>
    <subfield code="b">DE-25</subfield>
    <subfield code="9">25</subfield>
    <subfield code="c">BSZ</subfield>
    <subfield code="d">c</subfield>
    <subfield code="g">SW 70/943</subfield>
  </datafield>
  <datafield tag="924" ind1="0" ind2=" ">
    <subfield code="a">2015209875</subfield>
    <subfield code="b">DE-25-9</subfield>
    <subfield code="9">25/9</subfield>
    <subfield code="c">BSZ</subfield>
    <subfield code="d">b</subfield>
    <subfield code="g">Frei 9: KY 45/116</subfield>
    <subfield code="9">p</subfield>
  </datafield>
  <datafield tag="924" ind1="0" ind2=" ">
    <subfield code="a">2015210059</subfield>
    <subfield code="b">DE-291</subfield>
    <subfield code="9">291</subfield>
    <subfield code="c">BSZ</subfield>
    <subfield code="d">c</subfield>
    <subfield code="g">S 4067:6</subfield>
  </datafield>
  <datafield tag="924" ind1="0" ind2=" ">
    <subfield code="a">2015210075</subfield>
    <subfield code="b">DE-291-102</subfield>
    <subfield code="9">291/102</subfield>
    <subfield code="c">BSZ</subfield>
    <subfield code="d">b</subfield>
    <subfield code="9">p</subfield>
  </datafield>
  <datafield tag="924" ind1="0" ind2=" ">
    <subfield code="a">2015210105</subfield>
    <subfield code="b">DE-291-114</subfield>
    <subfield code="9">291/114</subfield>
    <subfield code="c">BSZ</subfield>
    <subfield code="d">b</subfield>
    <subfield code="9">p</subfield>
  </datafield>
  <datafield tag="924" ind1="0" ind2=" ">
    <subfield code="a">2015209867</subfield>
    <subfield code="b">DE-14</subfield>
    <subfield code="9">14</subfield>
    <subfield code="c">BSZ</subfield>
    <subfield code="d">b</subfield>
    <subfield code="9">p</subfield>
  </datafield>
  <datafield tag="924" ind1="0" ind2=" ">
    <subfield code="a">2015209964</subfield>
    <subfield code="b">DE-352</subfield>
    <subfield code="9">352</subfield>
    <subfield code="c">BSZ</subfield>
    <subfield code="d">c</subfield>
  </datafield>
  <datafield tag="924" ind1="0" ind2=" ">
    <subfield code="a">2816523756</subfield>
    <subfield code="b">DE-24</subfield>
    <subfield code="9">24</subfield>
    <subfield code="c">BSZ</subfield>
    <subfield code="d">c</subfield>
    <subfield code="g">Z 5935-6</subfield>
  </datafield>
  <datafield tag="924" ind1="0" ind2=" ">
    <subfield code="a">3023497575</subfield>
    <subfield code="b">DE-180</subfield>
    <subfield code="9">180</subfield>
    <subfield code="c">BSZ</subfield>
    <subfield code="d">c</subfield>
    <subfield code="g">AB 4440</subfield>
    <subfield code="h">COMP</subfield>
  </datafield>
  <datafield tag="924" ind1="0" ind2=" ">
    <subfield code="a">2892353815</subfield>
    <subfield code="b">DE-180</subfield>
    <subfield code="9">180</subfield>
    <subfield code="c">BSZ</subfield>
    <subfield code="d">d</subfield>
    <subfield code="g">306 PP 5345 L532</subfield>
    <subfield code="h">306</subfield>
  </datafield>
  <datafield tag="924" ind1="0" ind2=" ">
    <subfield code="a">2015209972</subfield>
    <subfield code="b">DE-15</subfield>
    <subfield code="9">15</subfield>
    <subfield code="c">BSZ</subfield>
    <subfield code="d">c</subfield>
  </datafield>
  <datafield tag="924" ind1="0" ind2=" ">
    <subfield code="a">2015209905</subfield>
    <subfield code="b">DE-16-13</subfield>
    <subfield code="9">16/13</subfield>
    <subfield code="c">BSZ</subfield>
    <subfield code="d">b</subfield>
    <subfield code="g">JU/PP 5345 L532</subfield>
    <subfield code="9">p</subfield>
  </datafield>
  <datafield tag="924" ind1="0" ind2=" ">
    <subfield code="a">2015209956</subfield>
    <subfield code="b">DE-31</subfield>
    <subfield code="9">31</subfield>
    <subfield code="c">BSZ</subfield>
    <subfield code="d">c</subfield>
    <subfield code="g">SA 6117,6</subfield>
  </datafield>
  <datafield tag="924" ind1="0" ind2=" ">
    <subfield code="a">2015209948</subfield>
    <subfield code="b">DE-Ka26</subfield>
    <subfield code="9">Ka 26</subfield>
    <subfield code="c">BSZ</subfield>
    <subfield code="d">c</subfield>
    <subfield code="g">FF 818-6</subfield>
  </datafield>
  <datafield tag="924" ind1="0" ind2=" ">
    <subfield code="a">2015209921</subfield>
    <subfield code="b">DE-B208</subfield>
    <subfield code="9">B 208</subfield>
    <subfield code="c">BSZ</subfield>
    <subfield code="d">b</subfield>
    <subfield code="9">p</subfield>
  </datafield>
  <datafield tag="924" ind1="0" ind2=" ">
    <subfield code="a">201520993X</subfield>
    <subfield code="b">DE-208</subfield>
    <subfield code="9">208</subfield>
    <subfield code="c">BSZ</subfield>
    <subfield code="d">c</subfield>
    <subfield code="g">G 5032/69</subfield>
  </datafield>
  <datafield tag="924" ind1="0" ind2=" ">
    <subfield code="a">2015210121</subfield>
    <subfield code="b">DE-Sp3</subfield>
    <subfield code="9">Sp 3</subfield>
    <subfield code="c">BSZ</subfield>
    <subfield code="d">b</subfield>
    <subfield code="9">p</subfield>
  </datafield>
  <datafield tag="924" ind1="0" ind2=" ">
    <subfield code="a">2727021178</subfield>
    <subfield code="b">DE-B791</subfield>
    <subfield code="9">B 791</subfield>
    <subfield code="c">BSZ</subfield>
    <subfield code="d">b</subfield>
    <subfield code="g">H 258</subfield>
    <subfield code="9">p</subfield>
  </datafield>
  <datafield tag="924" ind1="0" ind2=" ">
    <subfield code="a">2922305759</subfield>
    <subfield code="b">DE-B69</subfield>
    <subfield code="9">B 69</subfield>
    <subfield code="c">BSZ</subfield>
    <subfield code="d">d</subfield>
  </datafield>
  <datafield tag="936" ind1="r" ind2="v">
    <subfield code="a">PL 394</subfield>
    <subfield code="b">Wirtschafts- und Finanzverfassung</subfield>
    <subfield code="k">Rechtswissenschaft</subfield>
    <subfield code="k">Staatsrecht und Verfassungsgeschichte</subfield>
    <subfield code="k">Staatsrecht und Verfassungsrecht</subfield>
    <subfield code="k">Das Staatsrecht der Bundesrepublik Deutschland</subfield>
    <subfield code="k">Sonstige Materien</subfield>
    <subfield code="k">Wirtschafts- und Finanzverfassung</subfield>
    <subfield code="0">1270820621</subfield>
    <subfield code="0">(DE-627)1270820621</subfield>
    <subfield code="0">(DE-576)200820621</subfield>
    <subfield code="0">(DE-625)136999:</subfield>
  </datafield>
  <datafield tag="936" ind1="r" ind2="v">
    <subfield code="a">PP 5345</subfield>
    <subfield code="b">Monographien</subfield>
    <subfield code="k">Rechtswissenschaft</subfield>
    <subfield code="k">Finanz-, Steuer- und Zollrecht</subfield>
    <subfield code="k">Steuerrecht</subfield>
    <subfield code="k">Materielles Steuerrecht - Steuerarten</subfield>
    <subfield code="k">Bewertung und bewertungsabhängige Steuern, Steuern vom Vermögen</subfield>
    <subfield code="k">Erbschaftsteuer / Schenkungsteuer</subfield>
    <subfield code="k">Monographien</subfield>
    <subfield code="0">1271256975</subfield>
    <subfield code="0">(DE-627)1271256975</subfield>
    <subfield code="0">(DE-576)201256975</subfield>
    <subfield code="0">(DE-625)138617:283</subfield>
  </datafield>
  <datafield tag="936" ind1="r" ind2="v">
    <subfield code="a">PP 3915</subfield>
    <subfield code="b">Monographien</subfield>
    <subfield code="k">Rechtswissenschaft</subfield>
    <subfield code="k">Finanz-, Steuer- und Zollrecht</subfield>
    <subfield code="k">Steuerrecht</subfield>
    <subfield code="k">Materielles Steuerrecht - Steuerarten</subfield>
    <subfield code="k">Behandlung übergreifender Sachverhalte im materiellen Steuerrecht</subfield>
    <subfield code="k">Steuer und Verfassung</subfield>
    <subfield code="k">Monographien</subfield>
    <subfield code="0">1271735008</subfield>
    <subfield code="0">(DE-627)1271735008</subfield>
    <subfield code="0">(DE-576)201735008</subfield>
    <subfield code="0">(DE-625)138523:283</subfield>
  </datafield>
<datafield tag="690" ind1="H" ind2="D">
            <subfield code="8">JD</subfield>
            <subfield code="a">Allgemeine Steuerrechtsliteratur : Grundsätze der Rechtsanwendung</subfield>
            <subfield code="2">HSG-IFF</subfield>
        </datafield></record>