<record xmlns="http://www.loc.gov/MARC21/slim">
  <leader>03060cam a2200589   4500</leader>
  <controlfield tag="001">(DE-627)1604585919</controlfield>
  <controlfield tag="003">DE-627</controlfield>
  <controlfield tag="005">20171111090158.0</controlfield>
  <controlfield tag="007">tu</controlfield>
  <controlfield tag="008">920211s1981    xx |||||      00| ||ger c</controlfield>
  <datafield tag="020" ind1=" " ind2=" ">
    <subfield code="a">3437401122</subfield>
  </datafield>
  <datafield tag="035" ind1=" " ind2=" ">
    <subfield code="a">(DE-627)1604585919</subfield>
  </datafield>
  <datafield tag="035" ind1=" " ind2=" ">
    <subfield code="a">(DE-576)027263185</subfield>
  </datafield>
  <datafield tag="035" ind1=" " ind2=" ">
    <subfield code="a">(DE-599)BSZ027263185</subfield>
  </datafield>
  <datafield tag="035" ind1=" " ind2=" ">
    <subfield code="a">(OCoLC)180628253</subfield>
  </datafield>
  <datafield tag="035" ind1=" " ind2=" ">
    <subfield code="a">(DE-604)8061028614</subfield>
  </datafield>
  <datafield tag="040" ind1=" " ind2=" ">
    <subfield code="a">DE-627</subfield>
    <subfield code="b">ger</subfield>
    <subfield code="c">DE-627</subfield>
    <subfield code="e">rakwb</subfield>
  </datafield>
  <datafield tag="041" ind1=" " ind2=" ">
    <subfield code="a">ger</subfield>
  </datafield>
  <datafield tag="084" ind1=" " ind2=" ">
    <subfield code="a">QD 100</subfield>
    <subfield code="2">rvk</subfield>
  </datafield>
  <datafield tag="084" ind1=" " ind2=" ">
    <subfield code="a">MS 4800</subfield>
    <subfield code="2">rvk</subfield>
  </datafield>
  <datafield tag="084" ind1=" " ind2=" ">
    <subfield code="a">MR 5400</subfield>
    <subfield code="2">rvk</subfield>
  </datafield>
  <datafield tag="100" ind1="1" ind2=" ">
    <subfield code="a">Leipold, Helmut</subfield>
    <subfield code="d">1944-</subfield>
    <subfield code="0">(DE-588)131421328</subfield>
    <subfield code="0">(DE-627)509050506</subfield>
    <subfield code="0">(DE-576)286913070</subfield>
  </datafield>
  <datafield tag="245" ind1="1" ind2="0">
    <subfield code="a">Wirtschafts- und Gesellschaftssysteme im Vergleich</subfield>
    <subfield code="b">Grundzüge einer Theorie der Wirtschaftssysteme</subfield>
    <subfield code="c">Helmut Leipold</subfield>
  </datafield>
  <datafield tag="250" ind1=" " ind2=" ">
    <subfield code="a">3., durchges. Aufl.</subfield>
  </datafield>
  <datafield tag="264" ind1=" " ind2="1">
    <subfield code="a">Stuttgart</subfield>
    <subfield code="b">Fischer</subfield>
    <subfield code="c">1981</subfield>
  </datafield>
  <datafield tag="300" ind1=" " ind2=" ">
    <subfield code="a">XI, 268 S.</subfield>
    <subfield code="b">graph. Darst.</subfield>
  </datafield>
  <datafield tag="336" ind1=" " ind2=" ">
    <subfield code="a">Text</subfield>
    <subfield code="b">txt</subfield>
    <subfield code="2">rdacontent</subfield>
  </datafield>
  <datafield tag="337" ind1=" " ind2=" ">
    <subfield code="a">ohne Hilfsmittel zu benutzen</subfield>
    <subfield code="b">n</subfield>
    <subfield code="2">rdamedia</subfield>
  </datafield>
  <datafield tag="338" ind1=" " ind2=" ">
    <subfield code="a">Band</subfield>
    <subfield code="b">nc</subfield>
    <subfield code="2">rdacarrier</subfield>
  </datafield>
  <datafield tag="490" ind1="1" ind2=" ">
    <subfield code="a">UTB</subfield>
    <subfield code="v">481</subfield>
  </datafield>
  <datafield tag="591" ind1=" " ind2=" ">
    <subfield code="a">720 ff. bvb; 580 ff. bvb ; IMD-Felder und 1131 maschinell ergänzt (SWB)</subfield>
  </datafield>
  <datafield tag="689" ind1="0" ind2="0">
    <subfield code="D">s</subfield>
    <subfield code="0">(DE-588)4117663-7</subfield>
    <subfield code="0">(DE-627)105797510</subfield>
    <subfield code="0">(DE-576)209511826</subfield>
    <subfield code="a">Wirtschaftssystem</subfield>
    <subfield code="2">gnd</subfield>
  </datafield>
  <datafield tag="689" ind1="0" ind2="1">
    <subfield code="D">s</subfield>
    <subfield code="0">(DE-588)4058813-0</subfield>
    <subfield code="0">(DE-627)10475737X</subfield>
    <subfield code="0">(DE-576)20912802X</subfield>
    <subfield code="a">Systemvergleich</subfield>
    <subfield code="2">gnd</subfield>
  </datafield>
  <datafield tag="689" ind1="0" ind2=" ">
    <subfield code="5">DE-576</subfield>
  </datafield>
  <datafield tag="689" ind1="1" ind2="0">
    <subfield code="D">s</subfield>
    <subfield code="0">(DE-588)4117663-7</subfield>
    <subfield code="0">(DE-627)105797510</subfield>
    <subfield code="0">(DE-576)209511826</subfield>
    <subfield code="a">Wirtschaftssystem</subfield>
    <subfield code="2">gnd</subfield>
  </datafield>
  <datafield tag="689" ind1="1" ind2="1">
    <subfield code="D">s</subfield>
    <subfield code="0">(DE-588)4120509-1</subfield>
    <subfield code="0">(DE-627)104262591</subfield>
    <subfield code="0">(DE-576)209535695</subfield>
    <subfield code="a">Internationaler Vergleich</subfield>
    <subfield code="2">gnd</subfield>
  </datafield>
  <datafield tag="689" ind1="1" ind2=" ">
    <subfield code="5">DE-576</subfield>
  </datafield>
  <datafield tag="924" ind1="1" ind2=" ">
    <subfield code="a">3104154406</subfield>
    <subfield code="b">DE-291-109</subfield>
    <subfield code="9">291/109</subfield>
    <subfield code="c">BSZ</subfield>
    <subfield code="d">b</subfield>
    <subfield code="9">p</subfield>
  </datafield>
  <datafield tag="924" ind1="1" ind2=" ">
    <subfield code="a">3104154422</subfield>
    <subfield code="b">DE-291-314</subfield>
    <subfield code="9">291/314</subfield>
    <subfield code="c">BSZ</subfield>
    <subfield code="d">c</subfield>
    <subfield code="g">40/QD 110 L531 (3)</subfield>
  </datafield>
  <datafield tag="924" ind1="1" ind2=" ">
    <subfield code="a">3104154538</subfield>
    <subfield code="b">DE-24</subfield>
    <subfield code="9">24</subfield>
    <subfield code="c">BSZ</subfield>
    <subfield code="d">c</subfield>
    <subfield code="g">32/727</subfield>
  </datafield>
  <datafield tag="924" ind1="1" ind2=" ">
    <subfield code="a">3104154570</subfield>
    <subfield code="b">DE-16-160</subfield>
    <subfield code="9">16/160</subfield>
    <subfield code="c">BSZ</subfield>
    <subfield code="d">c</subfield>
    <subfield code="g">WS/MR 5400 L531(3)</subfield>
  </datafield>
  <datafield tag="924" ind1="1" ind2=" ">
    <subfield code="a">3104154643</subfield>
    <subfield code="b">DE-90</subfield>
    <subfield code="9">90</subfield>
    <subfield code="c">BSZ</subfield>
    <subfield code="d">c</subfield>
    <subfield code="g">76 A 2277(3)</subfield>
  </datafield>
  <datafield tag="924" ind1="1" ind2=" ">
    <subfield code="a">3104154708</subfield>
    <subfield code="b">DE-93</subfield>
    <subfield code="9">93</subfield>
    <subfield code="c">BSZ</subfield>
    <subfield code="d">c</subfield>
    <subfield code="g">3J 1940(3)</subfield>
  </datafield>
  <datafield tag="924" ind1="1" ind2=" ">
    <subfield code="a">3104154759</subfield>
    <subfield code="b">DE-93-104</subfield>
    <subfield code="9">93/104</subfield>
    <subfield code="c">BSZ</subfield>
    <subfield code="d">b</subfield>
    <subfield code="g">V 4/14(3)</subfield>
    <subfield code="9">p</subfield>
  </datafield>
  <datafield tag="924" ind1="1" ind2=" ">
    <subfield code="a">3104154805</subfield>
    <subfield code="b">DE-31</subfield>
    <subfield code="9">31</subfield>
    <subfield code="c">BSZ</subfield>
    <subfield code="d">c</subfield>
    <subfield code="g">82 A 2971</subfield>
  </datafield>
  <datafield tag="924" ind1="1" ind2=" ">
    <subfield code="a">3104154872</subfield>
    <subfield code="b">DE-Lg1</subfield>
    <subfield code="9">Lg 1</subfield>
    <subfield code="c">BSZ</subfield>
    <subfield code="d">c</subfield>
    <subfield code="g">330.8 Lei</subfield>
  </datafield>
  <datafield tag="924" ind1="1" ind2=" ">
    <subfield code="a">3104154953</subfield>
    <subfield code="b">DE-Sp3</subfield>
    <subfield code="9">Sp 3</subfield>
    <subfield code="c">BSZ</subfield>
    <subfield code="d">b</subfield>
    <subfield code="9">p</subfield>
  </datafield>
  <datafield tag="924" ind1="1" ind2=" ">
    <subfield code="a">3104155046</subfield>
    <subfield code="b">DE-951</subfield>
    <subfield code="9">951</subfield>
    <subfield code="c">BSZ</subfield>
    <subfield code="d">c</subfield>
  </datafield>
  <datafield tag="924" ind1="1" ind2=" ">
    <subfield code="a">3104155151</subfield>
    <subfield code="b">DE-Rav1</subfield>
    <subfield code="9">Rav 1</subfield>
    <subfield code="c">BSZ</subfield>
    <subfield code="d">c</subfield>
    <subfield code="g">WCg 9</subfield>
  </datafield>
  <datafield tag="936" ind1="r" ind2="v">
    <subfield code="a">QD 100</subfield>
    <subfield code="b">Allgemeines</subfield>
    <subfield code="k">Wirtschaftswissenschaften</subfield>
    <subfield code="k">Allgemeine Wirtschaftspolitik. Wirtschaftssysteme</subfield>
    <subfield code="k">Wirtschaftssysteme</subfield>
    <subfield code="k">Allgemeines</subfield>
    <subfield code="0">1271461072</subfield>
    <subfield code="0">(DE-627)1271461072</subfield>
    <subfield code="0">(DE-576)201461072</subfield>
    <subfield code="0">(DE-625)rvk/141284:</subfield>
  </datafield>
  <datafield tag="936" ind1="r" ind2="v">
    <subfield code="a">MS 4800</subfield>
    <subfield code="b">Allgemeine Theorie und Gesamtdarstellungen</subfield>
    <subfield code="k">Soziologie</subfield>
    <subfield code="k">Spezielle Soziologien</subfield>
    <subfield code="k">Wirtschafts-, Industrie- und Techniksoziologie</subfield>
    <subfield code="k">Allgemeine Theorie und Gesamtdarstellungen</subfield>
    <subfield code="0">1270883968</subfield>
    <subfield code="0">(DE-627)1270883968</subfield>
    <subfield code="0">(DE-576)200883968</subfield>
    <subfield code="0">(DE-625)rvk/123718:</subfield>
  </datafield>
  <datafield tag="936" ind1="r" ind2="v">
    <subfield code="a">MR 5400</subfield>
    <subfield code="b">Formalisierte (Modell-)Theorien, Systemtheorien</subfield>
    <subfield code="k">Soziologie</subfield>
    <subfield code="k">Sozialwissenschaftliche Theorien und Methoden</subfield>
    <subfield code="k">Jüngere soziologische Theorie</subfield>
    <subfield code="k">Formalisierte (Modell-)Theorien, Systemtheorien</subfield>
    <subfield code="0">1271142074</subfield>
    <subfield code="0">(DE-627)1271142074</subfield>
    <subfield code="0">(DE-576)201142074</subfield>
    <subfield code="0">(DE-625)rvk/123516:</subfield>
  </datafield>
<datafield tag="690" ind1="H" ind2="D">
            <subfield code="8">YB</subfield>
            <subfield code="a">Wirtschaftswissenschaften : Allgemeines. Methoden der W. Unterrichts- und Ausbildungsmethoden in den W., Wirtschaftspädagogik</subfield>
            <subfield code="2">HSG-IFF</subfield>
        </datafield></record>