<record xmlns="http://www.loc.gov/MARC21/slim">
  <leader>00847cam a22002652  4500</leader>
  <controlfield tag="001">(DE-627)1622420039</controlfield>
  <controlfield tag="003">DE-627</controlfield>
  <controlfield tag="005">20180724165323.0</controlfield>
  <controlfield tag="007">tu</controlfield>
  <controlfield tag="008">020207s1972    xx |||||      00| ||eng c</controlfield>
  <datafield tag="020" ind1=" " ind2=" ">
    <subfield code="a">0911302182</subfield>
  </datafield>
  <datafield tag="035" ind1=" " ind2=" ">
    <subfield code="a">(DE-627)1622420039</subfield>
  </datafield>
  <datafield tag="035" ind1=" " ind2=" ">
    <subfield code="a">(DE-576)096893834</subfield>
  </datafield>
  <datafield tag="035" ind1=" " ind2=" ">
    <subfield code="a">(DE-599)BSZ096893834</subfield>
  </datafield>
  <datafield tag="040" ind1=" " ind2=" ">
    <subfield code="a">DE-627</subfield>
    <subfield code="b">ger</subfield>
    <subfield code="c">DE-627</subfield>
    <subfield code="e">rakwb</subfield>
  </datafield>
  <datafield tag="041" ind1=" " ind2=" ">
    <subfield code="a">eng</subfield>
  </datafield>
  <datafield tag="245" ind1="1" ind2="0">
    <subfield code="a">Urban dynamics</subfield>
    <subfield code="b">extensions and reflections</subfield>
    <subfield code="c">Kan Chen, ed.</subfield>
  </datafield>
  <datafield tag="264" ind1=" " ind2="1">
    <subfield code="a">San Francisco, Calif.</subfield>
    <subfield code="b">San Francisco Press</subfield>
    <subfield code="c">1972</subfield>
  </datafield>
  <datafield tag="300" ind1=" " ind2=" ">
    <subfield code="a">XIV, 290 S.</subfield>
    <subfield code="b">Ill., graph. Darst.</subfield>
  </datafield>
  <datafield tag="336" ind1=" " ind2=" ">
    <subfield code="a">Text</subfield>
    <subfield code="b">txt</subfield>
    <subfield code="2">rdacontent</subfield>
  </datafield>
  <datafield tag="337" ind1=" " ind2=" ">
    <subfield code="a">ohne Hilfsmittel zu benutzen</subfield>
    <subfield code="b">n</subfield>
    <subfield code="2">rdamedia</subfield>
  </datafield>
  <datafield tag="338" ind1=" " ind2=" ">
    <subfield code="a">Band</subfield>
    <subfield code="b">nc</subfield>
    <subfield code="2">rdacarrier</subfield>
  </datafield>
  <datafield tag="591" ind1=" " ind2=" ">
    <subfield code="a">IMD-Felder und 1131 maschinell ergänzt (SWB)</subfield>
  </datafield>
  <datafield tag="700" ind1="1" ind2=" ">
    <subfield code="a">Chen, Kan</subfield>
    <subfield code="e">Hrsg.</subfield>
    <subfield code="4">edt</subfield>
  </datafield>
  <datafield tag="924" ind1="1" ind2=" ">
    <subfield code="a">3245518730</subfield>
    <subfield code="b">DE-90-147</subfield>
    <subfield code="9">90/147</subfield>
    <subfield code="c">BSZ</subfield>
    <subfield code="d">b</subfield>
    <subfield code="9">p</subfield>
  </datafield>
<datafield tag="690" ind1="H" ind2="D">
            <subfield code="8">YY</subfield>
            <subfield code="a">Wirtschaftswissenschaften : Regionale Wirtschaftspolitik. Stadtplanung</subfield>
            <subfield code="2">HSG-IFF</subfield>
        </datafield></record>