<record xmlns="http://www.loc.gov/MARC21/slim">
  <leader>02008cam a22004452  4500</leader>
  <controlfield tag="001">(DE-627)1074299493</controlfield>
  <controlfield tag="003">DE-627</controlfield>
  <controlfield tag="005">20180523113220.0</controlfield>
  <controlfield tag="007">tu</controlfield>
  <controlfield tag="008">850101s1973    xx |||||      00| ||eng c</controlfield>
  <datafield tag="035" ind1=" " ind2=" ">
    <subfield code="a">(DE-627)1074299493</subfield>
  </datafield>
  <datafield tag="035" ind1=" " ind2=" ">
    <subfield code="a">(DE-576)004299493</subfield>
  </datafield>
  <datafield tag="035" ind1=" " ind2=" ">
    <subfield code="a">(DE-599)BSZ004299493</subfield>
  </datafield>
  <datafield tag="035" ind1=" " ind2=" ">
    <subfield code="a">(OCoLC)00621930</subfield>
  </datafield>
  <datafield tag="035" ind1=" " ind2=" ">
    <subfield code="a">(DE-604)801954779x</subfield>
  </datafield>
  <datafield tag="040" ind1=" " ind2=" ">
    <subfield code="a">DE-627</subfield>
    <subfield code="b">ger</subfield>
    <subfield code="c">DE-627</subfield>
    <subfield code="e">rakwb</subfield>
  </datafield>
  <datafield tag="041" ind1=" " ind2=" ">
    <subfield code="a">eng</subfield>
  </datafield>
  <datafield tag="082" ind1="0" ind2=" ">
    <subfield code="a">330.9/173/2</subfield>
  </datafield>
  <datafield tag="084" ind1=" " ind2=" ">
    <subfield code="a">RB 10627</subfield>
    <subfield code="2">rvk</subfield>
  </datafield>
  <datafield tag="084" ind1=" " ind2=" ">
    <subfield code="a">QY 300</subfield>
    <subfield code="2">rvk</subfield>
  </datafield>
  <datafield tag="100" ind1="1" ind2=" ">
    <subfield code="a">Rasmussen, David W.</subfield>
    <subfield code="0">(DE-627)1232661368</subfield>
    <subfield code="0">(DE-576)162661363</subfield>
  </datafield>
  <datafield tag="245" ind1="1" ind2="0">
    <subfield code="a">Urban economics</subfield>
    <subfield code="c">David W. Rasmussen</subfield>
  </datafield>
  <datafield tag="264" ind1=" " ind2="1">
    <subfield code="a">New York</subfield>
    <subfield code="b">Harper &amp; Row</subfield>
    <subfield code="c">1973</subfield>
  </datafield>
  <datafield tag="300" ind1=" " ind2=" ">
    <subfield code="a">VIII, 196 S.</subfield>
  </datafield>
  <datafield tag="336" ind1=" " ind2=" ">
    <subfield code="a">Text</subfield>
    <subfield code="b">txt</subfield>
    <subfield code="2">rdacontent</subfield>
  </datafield>
  <datafield tag="337" ind1=" " ind2=" ">
    <subfield code="a">ohne Hilfsmittel zu benutzen</subfield>
    <subfield code="b">n</subfield>
    <subfield code="2">rdamedia</subfield>
  </datafield>
  <datafield tag="338" ind1=" " ind2=" ">
    <subfield code="a">Band</subfield>
    <subfield code="b">nc</subfield>
    <subfield code="2">rdacarrier</subfield>
  </datafield>
  <datafield tag="591" ind1=" " ind2=" ">
    <subfield code="a">720 ff. bvb; 580 ff. bvb ; IMD-Felder und 1131 maschinell ergänzt (SWB)</subfield>
  </datafield>
  <datafield tag="689" ind1="0" ind2="0">
    <subfield code="D">s</subfield>
    <subfield code="0">(DE-588)4193213-4</subfield>
    <subfield code="0">(DE-627)104179813</subfield>
    <subfield code="0">(DE-576)210085843</subfield>
    <subfield code="a">Stadtwirtschaft</subfield>
    <subfield code="2">gnd</subfield>
  </datafield>
  <datafield tag="689" ind1="0" ind2=" ">
    <subfield code="5">DE-576</subfield>
  </datafield>
  <datafield tag="689" ind1="1" ind2="0">
    <subfield code="D">s</subfield>
    <subfield code="0">(DE-588)4182752-1</subfield>
    <subfield code="0">(DE-627)104563419</subfield>
    <subfield code="0">(DE-576)210013834</subfield>
    <subfield code="a">Stadtökonomie</subfield>
    <subfield code="2">gnd</subfield>
  </datafield>
  <datafield tag="689" ind1="1" ind2=" ">
    <subfield code="5">DE-576</subfield>
  </datafield>
  <datafield tag="924" ind1="0" ind2=" ">
    <subfield code="a">2032490897</subfield>
    <subfield code="b">DE-21-17</subfield>
    <subfield code="9">21/17</subfield>
    <subfield code="c">BSZ</subfield>
    <subfield code="d">b</subfield>
    <subfield code="g">25a/84</subfield>
    <subfield code="9">p</subfield>
  </datafield>
  <datafield tag="924" ind1="0" ind2=" ">
    <subfield code="a">2032490803</subfield>
    <subfield code="b">DE-25</subfield>
    <subfield code="9">25</subfield>
    <subfield code="c">BSZ</subfield>
    <subfield code="d">c</subfield>
    <subfield code="g">SW 76/744</subfield>
  </datafield>
  <datafield tag="924" ind1="0" ind2=" ">
    <subfield code="a">2032490862</subfield>
    <subfield code="b">DE-291-109</subfield>
    <subfield code="9">291/109</subfield>
    <subfield code="c">BSZ</subfield>
    <subfield code="d">b</subfield>
    <subfield code="9">p</subfield>
  </datafield>
  <datafield tag="924" ind1="0" ind2=" ">
    <subfield code="a">2893111076</subfield>
    <subfield code="b">DE-180</subfield>
    <subfield code="9">180</subfield>
    <subfield code="c">BSZ</subfield>
    <subfield code="d">d</subfield>
    <subfield code="g">300 QY 300 R225 U72</subfield>
    <subfield code="h">300</subfield>
  </datafield>
  <datafield tag="924" ind1="0" ind2=" ">
    <subfield code="a">2032490811</subfield>
    <subfield code="b">DE-90</subfield>
    <subfield code="9">90</subfield>
    <subfield code="c">BSZ</subfield>
    <subfield code="d">c</subfield>
    <subfield code="g">74 A 129</subfield>
  </datafield>
  <datafield tag="924" ind1="0" ind2=" ">
    <subfield code="a">2032490854</subfield>
    <subfield code="b">DE-93-59</subfield>
    <subfield code="9">93/59</subfield>
    <subfield code="c">BSZ</subfield>
    <subfield code="d">b</subfield>
    <subfield code="g">460-019</subfield>
    <subfield code="9">p</subfield>
  </datafield>
  <datafield tag="936" ind1="r" ind2="v">
    <subfield code="a">RB 10627</subfield>
    <subfield code="b">Städte</subfield>
    <subfield code="k">Geografie</subfield>
    <subfield code="k">Nicht regional gebundene Darstellungen</subfield>
    <subfield code="k">Allgemeine Geografie</subfield>
    <subfield code="k">Anthropogeografie</subfield>
    <subfield code="k">Siedlungsgeografie</subfield>
    <subfield code="k">Teilgebiete und Einzelfragen</subfield>
    <subfield code="k">Städte</subfield>
    <subfield code="0">127094519X</subfield>
    <subfield code="0">(DE-627)127094519X</subfield>
    <subfield code="0">(DE-576)20094519X</subfield>
    <subfield code="0">(DE-625)142220:12801</subfield>
  </datafield>
  <datafield tag="936" ind1="r" ind2="v">
    <subfield code="a">QY 300</subfield>
    <subfield code="b">Stadtstruktur. Stadtplanung</subfield>
    <subfield code="k">Wirtschaftswissenschaften</subfield>
    <subfield code="k">Regionale Wirtschaftspolitik. Stadtplanung</subfield>
    <subfield code="k">Stadtstruktur. Stadtplanung</subfield>
    <subfield code="0">1271479451</subfield>
    <subfield code="0">(DE-627)1271479451</subfield>
    <subfield code="0">(DE-576)201479451</subfield>
    <subfield code="0">(DE-625)142216:</subfield>
  </datafield>
<datafield tag="690" ind1="H" ind2="D">
            <subfield code="8">YY</subfield>
            <subfield code="a">Wirtschaftswissenschaften : Regionale Wirtschaftspolitik. Stadtplanung</subfield>
            <subfield code="2">HSG-IFF</subfield>
        </datafield></record>