<record xmlns="http://www.loc.gov/MARC21/slim">
  <leader>07807cam a2201573   4500</leader>
  <controlfield tag="001">(DE-627)024958476</controlfield>
  <controlfield tag="003">DE-627</controlfield>
  <controlfield tag="005">20190317210910.0</controlfield>
  <controlfield tag="007">tu</controlfield>
  <controlfield tag="008">710101s1981    xx |||||      00| ||ger c</controlfield>
  <datafield tag="015" ind1=" " ind2=" ">
    <subfield code="a">81,N36,0094</subfield>
    <subfield code="2">dnb</subfield>
  </datafield>
  <datafield tag="015" ind1=" " ind2=" ">
    <subfield code="a">82,A10,0372</subfield>
    <subfield code="2">dnb</subfield>
  </datafield>
  <datafield tag="016" ind1="7" ind2=" ">
    <subfield code="a">810779269</subfield>
    <subfield code="2">DE-101</subfield>
  </datafield>
  <datafield tag="020" ind1=" " ind2=" ">
    <subfield code="a">3800608731</subfield>
  </datafield>
  <datafield tag="035" ind1=" " ind2=" ">
    <subfield code="a">(DE-627)024958476</subfield>
  </datafield>
  <datafield tag="035" ind1=" " ind2=" ">
    <subfield code="a">(DE-576)007992017</subfield>
  </datafield>
  <datafield tag="035" ind1=" " ind2=" ">
    <subfield code="a">(DE-599)GBV024958476</subfield>
  </datafield>
  <datafield tag="035" ind1=" " ind2=" ">
    <subfield code="a">(OCoLC)17383548</subfield>
  </datafield>
  <datafield tag="035" ind1=" " ind2=" ">
    <subfield code="a">(OCoLC)17383548</subfield>
  </datafield>
  <datafield tag="035" ind1=" " ind2=" ">
    <subfield code="a">(DE-604)8010164014</subfield>
  </datafield>
  <datafield tag="040" ind1=" " ind2=" ">
    <subfield code="a">DE-627</subfield>
    <subfield code="b">ger</subfield>
    <subfield code="c">DE-627</subfield>
    <subfield code="e">rakwb</subfield>
  </datafield>
  <datafield tag="041" ind1=" " ind2=" ">
    <subfield code="a">ger</subfield>
  </datafield>
  <datafield tag="044" ind1=" " ind2=" ">
    <subfield code="c">XA-DE</subfield>
  </datafield>
  <datafield tag="084" ind1=" " ind2=" ">
    <subfield code="a">WI 65</subfield>
    <subfield code="2">sfb</subfield>
  </datafield>
  <datafield tag="084" ind1=" " ind2=" ">
    <subfield code="a">WI 808</subfield>
    <subfield code="2">sfb</subfield>
  </datafield>
  <datafield tag="084" ind1=" " ind2=" ">
    <subfield code="a">17</subfield>
    <subfield code="2">sdnb</subfield>
  </datafield>
  <datafield tag="084" ind1=" " ind2=" ">
    <subfield code="a">6,24</subfield>
    <subfield code="2">ssgn</subfield>
  </datafield>
  <datafield tag="084" ind1=" " ind2=" ">
    <subfield code="a">QR 300</subfield>
    <subfield code="2">rvk</subfield>
  </datafield>
  <datafield tag="084" ind1=" " ind2=" ">
    <subfield code="a">QC 133</subfield>
    <subfield code="2">rvk</subfield>
  </datafield>
  <datafield tag="084" ind1=" " ind2=" ">
    <subfield code="a">83.32</subfield>
    <subfield code="2">bkl</subfield>
  </datafield>
  <datafield tag="100" ind1="1" ind2=" ">
    <subfield code="a">Kaufer, Erich</subfield>
    <subfield code="0">(DE-588)17002766X</subfield>
    <subfield code="0">(DE-627)52866879X</subfield>
    <subfield code="0">(DE-576)130943045</subfield>
  </datafield>
  <datafield tag="245" ind1="1" ind2="0">
    <subfield code="a">Theorie der Öffentlichen Regulierung</subfield>
    <subfield code="c">von Erich Kaufer</subfield>
  </datafield>
  <datafield tag="264" ind1=" " ind2="1">
    <subfield code="a">München</subfield>
    <subfield code="b">Vahlen</subfield>
    <subfield code="c">1981</subfield>
  </datafield>
  <datafield tag="300" ind1=" " ind2=" ">
    <subfield code="a">XIV, 181 S</subfield>
    <subfield code="b">graph. Darst</subfield>
    <subfield code="c">18 cm</subfield>
  </datafield>
  <datafield tag="336" ind1=" " ind2=" ">
    <subfield code="a">Text</subfield>
    <subfield code="b">txt</subfield>
    <subfield code="2">rdacontent</subfield>
  </datafield>
  <datafield tag="337" ind1=" " ind2=" ">
    <subfield code="a">ohne Hilfsmittel zu benutzen</subfield>
    <subfield code="b">n</subfield>
    <subfield code="2">rdamedia</subfield>
  </datafield>
  <datafield tag="338" ind1=" " ind2=" ">
    <subfield code="a">Band</subfield>
    <subfield code="b">nc</subfield>
    <subfield code="2">rdacarrier</subfield>
  </datafield>
  <datafield tag="490" ind1="0" ind2=" ">
    <subfield code="a">WiSt-Taschenbücher / Wirtschaftswissenschaftliches Studium</subfield>
  </datafield>
  <datafield tag="500" ind1=" " ind2=" ">
    <subfield code="a">Literaturangaben.</subfield>
  </datafield>
  <datafield tag="591" ind1=" " ind2=" ">
    <subfield code="a">SW: 580 FGBA/S+Wei ; 720 ff. bvb ; 5090: DDSU/sred ; IMD-Felder und 1131 maschinell ergänzt (SWB)</subfield>
  </datafield>
  <datafield tag="650" ind1=" " ind2="0">
    <subfield code="a">Economic policy</subfield>
  </datafield>
  <datafield tag="650" ind1=" " ind2="0">
    <subfield code="a">Industry and rate</subfield>
  </datafield>
  <datafield tag="650" ind1="0" ind2="7">
    <subfield code="0">(DE-588)4201190-5</subfield>
    <subfield code="0">(DE-627)105167835</subfield>
    <subfield code="0">(DE-576)210140321</subfield>
    <subfield code="a">Regulierung</subfield>
    <subfield code="2">gnd</subfield>
  </datafield>
  <datafield tag="655" ind1=" " ind2="7">
    <subfield code="a">Lehrbuch</subfield>
    <subfield code="0">(DE-588)4123623-3</subfield>
    <subfield code="0">(DE-627)104270187</subfield>
    <subfield code="0">(DE-576)209561262</subfield>
    <subfield code="2">gnd-content</subfield>
  </datafield>
  <datafield tag="689" ind1="0" ind2="0">
    <subfield code="D">s</subfield>
    <subfield code="0">(DE-588)4065839-9</subfield>
    <subfield code="0">(DE-627)106116797</subfield>
    <subfield code="0">(DE-576)209161078</subfield>
    <subfield code="a">Wettbewerbspolitik</subfield>
    <subfield code="2">gnd</subfield>
  </datafield>
  <datafield tag="689" ind1="0" ind2="1">
    <subfield code="D">s</subfield>
    <subfield code="0">(DE-588)4201190-5</subfield>
    <subfield code="0">(DE-627)105167835</subfield>
    <subfield code="0">(DE-576)210140321</subfield>
    <subfield code="a">Regulierung</subfield>
    <subfield code="2">gnd</subfield>
  </datafield>
  <datafield tag="689" ind1="0" ind2="2">
    <subfield code="D">s</subfield>
    <subfield code="0">(DE-588)4059787-8</subfield>
    <subfield code="0">(DE-627)106142275</subfield>
    <subfield code="0">(DE-576)209132256</subfield>
    <subfield code="a">Theorie</subfield>
    <subfield code="2">gnd</subfield>
  </datafield>
  <datafield tag="689" ind1="0" ind2=" ">
    <subfield code="5">DE-576</subfield>
  </datafield>
  <datafield tag="924" ind1="0" ind2=" ">
    <subfield code="a">032710917</subfield>
    <subfield code="b">DE-84</subfield>
    <subfield code="c">GBV</subfield>
    <subfield code="d">L</subfield>
    <subfield code="g">1418-8769</subfield>
  </datafield>
  <datafield tag="924" ind1="0" ind2=" ">
    <subfield code="a">171995341</subfield>
    <subfield code="b">DE-46</subfield>
    <subfield code="c">GBV</subfield>
    <subfield code="g">a vwl 177.4/759</subfield>
    <subfield code="d">L</subfield>
  </datafield>
  <datafield tag="924" ind1="0" ind2=" ">
    <subfield code="a">17199535X</subfield>
    <subfield code="b">DE-46</subfield>
    <subfield code="c">GBV</subfield>
    <subfield code="d">N</subfield>
    <subfield code="g">45h vwl 177.4/759a</subfield>
    <subfield code="i">geloescht 2016</subfield>
  </datafield>
  <datafield tag="924" ind1="0" ind2=" ">
    <subfield code="a">14546086X</subfield>
    <subfield code="b">DE-18</subfield>
    <subfield code="c">GBV</subfield>
    <subfield code="i">18/261</subfield>
    <subfield code="g">9/16405</subfield>
    <subfield code="d">N</subfield>
  </datafield>
  <datafield tag="924" ind1="0" ind2=" ">
    <subfield code="a">554942755</subfield>
    <subfield code="b">DE-18</subfield>
    <subfield code="c">GBV</subfield>
    <subfield code="d">N</subfield>
    <subfield code="g">ÖA D II a 18</subfield>
    <subfield code="i">18/304</subfield>
  </datafield>
  <datafield tag="924" ind1="0" ind2=" ">
    <subfield code="a">345388399</subfield>
    <subfield code="b">DE-8</subfield>
    <subfield code="c">GBV</subfield>
    <subfield code="i">8/9</subfield>
    <subfield code="g">V 14-1-297</subfield>
    <subfield code="d">N</subfield>
  </datafield>
  <datafield tag="924" ind1="0" ind2=" ">
    <subfield code="a">345388402</subfield>
    <subfield code="b">DE-8</subfield>
    <subfield code="c">GBV</subfield>
    <subfield code="i">8/9</subfield>
    <subfield code="g">V 14-1-297+1</subfield>
    <subfield code="d">N</subfield>
  </datafield>
  <datafield tag="924" ind1="0" ind2=" ">
    <subfield code="a">345388410</subfield>
    <subfield code="b">DE-8</subfield>
    <subfield code="c">GBV</subfield>
    <subfield code="i">8/9</subfield>
    <subfield code="g">V 14-1-297+2</subfield>
    <subfield code="d">N</subfield>
  </datafield>
  <datafield tag="924" ind1="0" ind2=" ">
    <subfield code="a">345388429</subfield>
    <subfield code="b">DE-8</subfield>
    <subfield code="c">GBV</subfield>
    <subfield code="i">8/9</subfield>
    <subfield code="g">V 14-1-297+3</subfield>
    <subfield code="d">N</subfield>
  </datafield>
  <datafield tag="924" ind1="0" ind2=" ">
    <subfield code="a">345388437</subfield>
    <subfield code="b">DE-8</subfield>
    <subfield code="c">GBV</subfield>
    <subfield code="d">N</subfield>
    <subfield code="g">V 14-1-297+4</subfield>
    <subfield code="i">8/9</subfield>
  </datafield>
  <datafield tag="924" ind1="0" ind2=" ">
    <subfield code="a">663934184</subfield>
    <subfield code="b">DE-206</subfield>
    <subfield code="c">GBV</subfield>
    <subfield code="i">K:</subfield>
    <subfield code="g">A 139925</subfield>
    <subfield code="d">L</subfield>
  </datafield>
  <datafield tag="924" ind1="0" ind2=" ">
    <subfield code="a">853356734</subfield>
    <subfield code="b">DE-206</subfield>
    <subfield code="c">GBV</subfield>
    <subfield code="d">L</subfield>
    <subfield code="g">1982 A 949</subfield>
    <subfield code="h">206/1</subfield>
    <subfield code="i">H:</subfield>
  </datafield>
  <datafield tag="924" ind1="0" ind2=" ">
    <subfield code="a">149745664</subfield>
    <subfield code="b">DE-27</subfield>
    <subfield code="c">GBV</subfield>
    <subfield code="i">J 142</subfield>
    <subfield code="g">WIR:SD:100:K21::1981</subfield>
    <subfield code="d">L</subfield>
    <subfield code="g">95 NA 715/1</subfield>
  </datafield>
  <datafield tag="924" ind1="0" ind2=" ">
    <subfield code="a">149745672</subfield>
    <subfield code="b">DE-27</subfield>
    <subfield code="c">GBV</subfield>
    <subfield code="d">L</subfield>
    <subfield code="g">WIR:SD:100:K21::1981</subfield>
    <subfield code="g">95 NA 715/2</subfield>
    <subfield code="i">J 142</subfield>
  </datafield>
  <datafield tag="924" ind1="0" ind2=" ">
    <subfield code="a">146427483</subfield>
    <subfield code="b">DE-Ilm1</subfield>
    <subfield code="c">GBV</subfield>
    <subfield code="d">L</subfield>
    <subfield code="g">WIR QR 300 K21</subfield>
    <subfield code="i">47</subfield>
  </datafield>
  <datafield tag="924" ind1="0" ind2=" ">
    <subfield code="a">406975582</subfield>
    <subfield code="b">DE-547</subfield>
    <subfield code="c">GBV</subfield>
    <subfield code="d">L</subfield>
    <subfield code="g">QR 300 K21 T3</subfield>
    <subfield code="i">LS</subfield>
  </datafield>
  <datafield tag="924" ind1="0" ind2=" ">
    <subfield code="a">032710909</subfield>
    <subfield code="b">DE-7</subfield>
    <subfield code="c">GBV</subfield>
    <subfield code="h">7/148</subfield>
    <subfield code="i">BBWISO</subfield>
    <subfield code="g">16 : Q 3211.1 Kau</subfield>
    <subfield code="d">N</subfield>
  </datafield>
  <datafield tag="924" ind1="0" ind2=" ">
    <subfield code="a">289937981</subfield>
    <subfield code="b">DE-7</subfield>
    <subfield code="c">GBV</subfield>
    <subfield code="d">N</subfield>
    <subfield code="g">1 : 404 Kau</subfield>
    <subfield code="h">7/148</subfield>
    <subfield code="i">BBWISO</subfield>
  </datafield>
  <datafield tag="924" ind1="0" ind2=" ">
    <subfield code="a">023507020</subfield>
    <subfield code="b">DE-705</subfield>
    <subfield code="c">GBV</subfield>
    <subfield code="i">WOW</subfield>
    <subfield code="g">VWL 160:K0006</subfield>
    <subfield code="d">L</subfield>
  </datafield>
  <datafield tag="924" ind1="0" ind2=" ">
    <subfield code="a">023507047</subfield>
    <subfield code="b">DE-705</subfield>
    <subfield code="c">GBV</subfield>
    <subfield code="d">L</subfield>
    <subfield code="g">VWL 160:K0006+03</subfield>
    <subfield code="i">WOW</subfield>
  </datafield>
  <datafield tag="924" ind1="0" ind2=" ">
    <subfield code="a">265920140</subfield>
    <subfield code="b">DE-28</subfield>
    <subfield code="c">GBV</subfield>
    <subfield code="d">L</subfield>
    <subfield code="g">QC 160 K21 T3</subfield>
    <subfield code="g">92 A 14342</subfield>
    <subfield code="i">28/BB3</subfield>
  </datafield>
  <datafield tag="924" ind1="0" ind2=" ">
    <subfield code="a">136700799</subfield>
    <subfield code="b">DE-3</subfield>
    <subfield code="c">GBV</subfield>
    <subfield code="d">L</subfield>
    <subfield code="g">VW 32.04 Kauf 6044</subfield>
    <subfield code="h">3/27</subfield>
    <subfield code="i">Ha 27</subfield>
  </datafield>
  <datafield tag="924" ind1="0" ind2=" ">
    <subfield code="a">356828034</subfield>
    <subfield code="b">DE-9</subfield>
    <subfield code="c">GBV</subfield>
    <subfield code="d">L</subfield>
    <subfield code="g">480/QR 300 K21</subfield>
    <subfield code="i">MB 401</subfield>
  </datafield>
  <datafield tag="924" ind1="0" ind2=" ">
    <subfield code="a">358011256</subfield>
    <subfield code="b">DE-89</subfield>
    <subfield code="c">GBV</subfield>
    <subfield code="h">89/16</subfield>
    <subfield code="i">FBR</subfield>
    <subfield code="g">P 220 12-430</subfield>
    <subfield code="d">N</subfield>
  </datafield>
  <datafield tag="924" ind1="0" ind2=" ">
    <subfield code="a">1293322741</subfield>
    <subfield code="b">DE-89</subfield>
    <subfield code="c">GBV</subfield>
    <subfield code="h">89/18</subfield>
    <subfield code="i">FBW</subfield>
    <subfield code="g">L oek 2752/010</subfield>
    <subfield code="d">N</subfield>
  </datafield>
  <datafield tag="924" ind1="0" ind2=" ">
    <subfield code="a">1293323020</subfield>
    <subfield code="b">DE-89</subfield>
    <subfield code="c">GBV</subfield>
    <subfield code="d">N</subfield>
    <subfield code="e">8</subfield>
    <subfield code="g">LH oek 2752/010a</subfield>
    <subfield code="g">L oek 2752/010b-d</subfield>
    <subfield code="h">89/18</subfield>
    <subfield code="h">FBW</subfield>
    <subfield code="i">FBW</subfield>
  </datafield>
  <datafield tag="924" ind1="0" ind2=" ">
    <subfield code="a">358011256</subfield>
    <subfield code="b">DE-35</subfield>
    <subfield code="c">GBV</subfield>
    <subfield code="h">35/03</subfield>
    <subfield code="i">FBR</subfield>
    <subfield code="g">P 220 12-430</subfield>
    <subfield code="d">N</subfield>
  </datafield>
  <datafield tag="924" ind1="0" ind2=" ">
    <subfield code="a">529849232</subfield>
    <subfield code="b">DE-35</subfield>
    <subfield code="c">GBV</subfield>
    <subfield code="i">FBW ZB</subfield>
    <subfield code="g">Inst. für Volkswirtschaftslehre, Abt. Öffentliche Finanzen *** QD200Ka81</subfield>
    <subfield code="d">N</subfield>
    <subfield code="g">QD200Ka81</subfield>
    <subfield code="h">FBW ZB</subfield>
  </datafield>
  <datafield tag="924" ind1="0" ind2=" ">
    <subfield code="a">272977861</subfield>
    <subfield code="b">DE-35</subfield>
    <subfield code="c">GBV</subfield>
    <subfield code="d">N</subfield>
    <subfield code="g">Wirtschaftswiss., Frank *** QC 133 K</subfield>
    <subfield code="i">FBR LG</subfield>
  </datafield>
  <datafield tag="924" ind1="0" ind2=" ">
    <subfield code="a">131331949</subfield>
    <subfield code="b">DE-Hil2</subfield>
    <subfield code="c">GBV</subfield>
    <subfield code="d">L</subfield>
    <subfield code="g">91 : 08234</subfield>
    <subfield code="i">MAGAZIN</subfield>
  </datafield>
  <datafield tag="924" ind1="0" ind2=" ">
    <subfield code="a">133898415</subfield>
    <subfield code="b">DE-Luen4</subfield>
    <subfield code="c">GBV</subfield>
    <subfield code="i">CAM</subfield>
    <subfield code="g">VWL 518.001</subfield>
    <subfield code="d">L</subfield>
  </datafield>
  <datafield tag="924" ind1="0" ind2=" ">
    <subfield code="a">032710895</subfield>
    <subfield code="b">DE-Luen4</subfield>
    <subfield code="c">GBV</subfield>
    <subfield code="i">CAM</subfield>
    <subfield code="g">91-32519</subfield>
  </datafield>
  <datafield tag="924" ind1="0" ind2=" ">
    <subfield code="a">34640097X</subfield>
    <subfield code="b">DE-Luen4</subfield>
    <subfield code="c">GBV</subfield>
    <subfield code="d">L</subfield>
    <subfield code="g">VWL 518.001 a</subfield>
    <subfield code="i">CAM</subfield>
  </datafield>
  <datafield tag="924" ind1="0" ind2=" ">
    <subfield code="a">784646910</subfield>
    <subfield code="b">DE-715</subfield>
    <subfield code="c">GBV</subfield>
    <subfield code="g">vwl 173.9 7ga AU 6053</subfield>
    <subfield code="d">L</subfield>
  </datafield>
  <datafield tag="924" ind1="0" ind2=" ">
    <subfield code="a">784646929</subfield>
    <subfield code="b">DE-715</subfield>
    <subfield code="c">GBV</subfield>
    <subfield code="i">3003</subfield>
    <subfield code="g">vwl 173.9 7ga AU 6053</subfield>
    <subfield code="d">N</subfield>
  </datafield>
  <datafield tag="924" ind1="0" ind2=" ">
    <subfield code="a">784646937</subfield>
    <subfield code="b">DE-715</subfield>
    <subfield code="c">GBV</subfield>
    <subfield code="g">vwl 173.9 7ga AU 6053</subfield>
    <subfield code="d">L</subfield>
  </datafield>
  <datafield tag="924" ind1="0" ind2=" ">
    <subfield code="a">784646945</subfield>
    <subfield code="b">DE-715</subfield>
    <subfield code="c">GBV</subfield>
    <subfield code="d">N</subfield>
    <subfield code="g">vwl 173.9 7ga AU 6053</subfield>
  </datafield>
  <datafield tag="924" ind1="0" ind2=" ">
    <subfield code="a">147660920</subfield>
    <subfield code="b">DE-700</subfield>
    <subfield code="c">GBV</subfield>
    <subfield code="i">J</subfield>
    <subfield code="g">QOQN-o / Kau</subfield>
    <subfield code="d">L</subfield>
  </datafield>
  <datafield tag="924" ind1="0" ind2=" ">
    <subfield code="a">032710933</subfield>
    <subfield code="b">DE-700</subfield>
    <subfield code="c">GBV</subfield>
    <subfield code="d">L</subfield>
    <subfield code="g">PRW A / Kau</subfield>
    <subfield code="i">W</subfield>
  </datafield>
  <datafield tag="924" ind1="0" ind2=" ">
    <subfield code="a">086364731</subfield>
    <subfield code="b">DE-Fl3</subfield>
    <subfield code="c">GBV</subfield>
    <subfield code="g">QR 300 K21</subfield>
    <subfield code="d">L</subfield>
  </datafield>
  <datafield tag="924" ind1="0" ind2=" ">
    <subfield code="a">415789389</subfield>
    <subfield code="b">DE-Fl3</subfield>
    <subfield code="c">GBV</subfield>
    <subfield code="d">L</subfield>
    <subfield code="g">QR 300 K21+2</subfield>
  </datafield>
  <datafield tag="924" ind1="0" ind2=" ">
    <subfield code="a">128345411</subfield>
    <subfield code="b">DE-755</subfield>
    <subfield code="c">GBV</subfield>
    <subfield code="d">N</subfield>
    <subfield code="g">PNQ / Kau</subfield>
  </datafield>
  <datafield tag="924" ind1="0" ind2=" ">
    <subfield code="a">30756925X</subfield>
    <subfield code="b">DE-527</subfield>
    <subfield code="c">GBV</subfield>
    <subfield code="d">L</subfield>
    <subfield code="g">WVK 000 0071</subfield>
    <subfield code="h">0527/0001</subfield>
    <subfield code="i">LS1</subfield>
  </datafield>
  <datafield tag="924" ind1="0" ind2=" ">
    <subfield code="a">649394801</subfield>
    <subfield code="b">DE-1158</subfield>
    <subfield code="c">GBV</subfield>
    <subfield code="d">L</subfield>
    <subfield code="g">9.1a</subfield>
  </datafield>
  <datafield tag="924" ind1="0" ind2=" ">
    <subfield code="a">792899318</subfield>
    <subfield code="b">DE-517</subfield>
    <subfield code="c">GBV</subfield>
    <subfield code="i">9000</subfield>
    <subfield code="g">QR 300 KAU</subfield>
    <subfield code="d">N</subfield>
  </datafield>
  <datafield tag="924" ind1="0" ind2=" ">
    <subfield code="a">792899326</subfield>
    <subfield code="b">DE-517</subfield>
    <subfield code="c">GBV</subfield>
    <subfield code="i">9000</subfield>
    <subfield code="g">QR 300 KAU</subfield>
    <subfield code="d">N</subfield>
  </datafield>
  <datafield tag="924" ind1="0" ind2=" ">
    <subfield code="a">792899334</subfield>
    <subfield code="b">DE-517</subfield>
    <subfield code="c">GBV</subfield>
    <subfield code="i">9000</subfield>
    <subfield code="g">QR 300 KAU</subfield>
    <subfield code="d">N</subfield>
  </datafield>
  <datafield tag="924" ind1="0" ind2=" ">
    <subfield code="a">792899342</subfield>
    <subfield code="b">DE-517</subfield>
    <subfield code="c">GBV</subfield>
    <subfield code="i">9000</subfield>
    <subfield code="g">B92:4922</subfield>
    <subfield code="d">N</subfield>
  </datafield>
  <datafield tag="924" ind1="0" ind2=" ">
    <subfield code="a">792899350</subfield>
    <subfield code="b">DE-517</subfield>
    <subfield code="c">GBV</subfield>
    <subfield code="i">9000</subfield>
    <subfield code="g">B92:4922</subfield>
    <subfield code="d">N</subfield>
  </datafield>
  <datafield tag="924" ind1="0" ind2=" ">
    <subfield code="a">792899369</subfield>
    <subfield code="b">DE-517</subfield>
    <subfield code="c">GBV</subfield>
    <subfield code="d">L</subfield>
    <subfield code="g">B92:4922</subfield>
    <subfield code="i">3200</subfield>
  </datafield>
  <datafield tag="924" ind1="0" ind2=" ">
    <subfield code="a">1509566112</subfield>
    <subfield code="b">DE-2173</subfield>
    <subfield code="c">GBV</subfield>
    <subfield code="d">L</subfield>
    <subfield code="g">Mag18310</subfield>
    <subfield code="i">mag</subfield>
  </datafield>
  <datafield tag="924" ind1="0" ind2=" ">
    <subfield code="a">3158266253</subfield>
    <subfield code="b">DE-21</subfield>
    <subfield code="9">21</subfield>
    <subfield code="c">BSZ</subfield>
    <subfield code="d">c</subfield>
    <subfield code="g">22 A 157</subfield>
  </datafield>
  <datafield tag="924" ind1="0" ind2=" ">
    <subfield code="a">3158266334</subfield>
    <subfield code="b">DE-21-19</subfield>
    <subfield code="9">21/19</subfield>
    <subfield code="c">BSZ</subfield>
    <subfield code="d">b</subfield>
    <subfield code="g">NcIII 172</subfield>
    <subfield code="9">p</subfield>
  </datafield>
  <datafield tag="924" ind1="0" ind2=" ">
    <subfield code="a">3158266423</subfield>
    <subfield code="b">DE-25</subfield>
    <subfield code="9">25</subfield>
    <subfield code="c">BSZ</subfield>
    <subfield code="d">c</subfield>
    <subfield code="g">SW 81/1664</subfield>
  </datafield>
  <datafield tag="924" ind1="0" ind2=" ">
    <subfield code="a">3158266482</subfield>
    <subfield code="b">DE-25-10</subfield>
    <subfield code="9">25/10</subfield>
    <subfield code="c">BSZ</subfield>
    <subfield code="d">b</subfield>
    <subfield code="g">Frei 10: D9/427</subfield>
    <subfield code="9">p</subfield>
  </datafield>
  <datafield tag="924" ind1="0" ind2=" ">
    <subfield code="a">3158266512</subfield>
    <subfield code="b">DE-25-82</subfield>
    <subfield code="9">25/82</subfield>
    <subfield code="c">BSZ</subfield>
    <subfield code="d">b</subfield>
    <subfield code="g">Frei 82: VB 3/63</subfield>
    <subfield code="9">p</subfield>
  </datafield>
  <datafield tag="924" ind1="0" ind2=" ">
    <subfield code="a">3158266539</subfield>
    <subfield code="b">DE-Frei120</subfield>
    <subfield code="9">Frei 120</subfield>
    <subfield code="c">BSZ</subfield>
    <subfield code="d">c</subfield>
  </datafield>
  <datafield tag="924" ind1="0" ind2=" ">
    <subfield code="a">3158266636</subfield>
    <subfield code="b">DE-291</subfield>
    <subfield code="9">291</subfield>
    <subfield code="c">BSZ</subfield>
    <subfield code="d">c</subfield>
    <subfield code="g">83-2593</subfield>
  </datafield>
  <datafield tag="924" ind1="0" ind2=" ">
    <subfield code="a">3158266644</subfield>
    <subfield code="b">DE-291-109</subfield>
    <subfield code="9">291/109</subfield>
    <subfield code="c">BSZ</subfield>
    <subfield code="d">b</subfield>
    <subfield code="9">p</subfield>
  </datafield>
  <datafield tag="924" ind1="0" ind2=" ">
    <subfield code="a">3158266709</subfield>
    <subfield code="b">DE-Sa16-1</subfield>
    <subfield code="9">Sa 16/1</subfield>
    <subfield code="c">BSZ</subfield>
    <subfield code="d">c</subfield>
  </datafield>
  <datafield tag="924" ind1="0" ind2=" ">
    <subfield code="a">3158266830</subfield>
    <subfield code="b">DE-14</subfield>
    <subfield code="9">14</subfield>
    <subfield code="c">BSZ</subfield>
    <subfield code="d">c</subfield>
  </datafield>
  <datafield tag="924" ind1="0" ind2=" ">
    <subfield code="a">3158266911</subfield>
    <subfield code="b">DE-352</subfield>
    <subfield code="9">352</subfield>
    <subfield code="c">BSZ</subfield>
    <subfield code="d">c</subfield>
    <subfield code="g">wrq 301/k19</subfield>
  </datafield>
  <datafield tag="924" ind1="0" ind2=" ">
    <subfield code="a">3158266962</subfield>
    <subfield code="b">DE-24</subfield>
    <subfield code="9">24</subfield>
    <subfield code="c">BSZ</subfield>
    <subfield code="d">c</subfield>
    <subfield code="g">31/17742</subfield>
  </datafield>
  <datafield tag="924" ind1="0" ind2=" ">
    <subfield code="a">3158267047</subfield>
    <subfield code="b">DE-180</subfield>
    <subfield code="9">180</subfield>
    <subfield code="c">BSZ</subfield>
    <subfield code="d">d</subfield>
    <subfield code="g">300 QR 300 K21 T396</subfield>
    <subfield code="h">300</subfield>
  </datafield>
  <datafield tag="924" ind1="0" ind2=" ">
    <subfield code="a">3158267055</subfield>
    <subfield code="b">DE-180</subfield>
    <subfield code="9">180</subfield>
    <subfield code="c">BSZ</subfield>
    <subfield code="d">c</subfield>
    <subfield code="g">AJ 5338</subfield>
    <subfield code="h">MAG01</subfield>
  </datafield>
  <datafield tag="924" ind1="0" ind2=" ">
    <subfield code="a">3158267098</subfield>
    <subfield code="b">DE-15</subfield>
    <subfield code="9">15</subfield>
    <subfield code="c">BSZ</subfield>
    <subfield code="d">c</subfield>
  </datafield>
  <datafield tag="924" ind1="0" ind2=" ">
    <subfield code="a">3158267160</subfield>
    <subfield code="b">DE-16</subfield>
    <subfield code="9">16</subfield>
    <subfield code="c">BSZ</subfield>
    <subfield code="d">c</subfield>
    <subfield code="g">82 A 49</subfield>
  </datafield>
  <datafield tag="924" ind1="0" ind2=" ">
    <subfield code="a">3158267225</subfield>
    <subfield code="b">DE-16-160</subfield>
    <subfield code="9">16/160</subfield>
    <subfield code="c">BSZ</subfield>
    <subfield code="d">c</subfield>
    <subfield code="g">WS/QR 300 K21</subfield>
  </datafield>
  <datafield tag="924" ind1="0" ind2=" ">
    <subfield code="a">3158267357</subfield>
    <subfield code="b">DE-93-104</subfield>
    <subfield code="9">93/104</subfield>
    <subfield code="c">BSZ</subfield>
    <subfield code="d">b</subfield>
    <subfield code="g">V 7/18</subfield>
    <subfield code="9">p</subfield>
  </datafield>
  <datafield tag="924" ind1="0" ind2=" ">
    <subfield code="a">3158267411</subfield>
    <subfield code="b">DE-31</subfield>
    <subfield code="9">31</subfield>
    <subfield code="c">BSZ</subfield>
    <subfield code="d">c</subfield>
    <subfield code="g">82 A 2866</subfield>
  </datafield>
  <datafield tag="924" ind1="0" ind2=" ">
    <subfield code="a">3158267535</subfield>
    <subfield code="b">DE-Ch1</subfield>
    <subfield code="9">Ch 1</subfield>
    <subfield code="c">BSZ</subfield>
    <subfield code="d">c</subfield>
    <subfield code="g">QR 300 kau</subfield>
  </datafield>
  <datafield tag="924" ind1="0" ind2=" ">
    <subfield code="a">3158267624</subfield>
    <subfield code="b">DE-289</subfield>
    <subfield code="9">289</subfield>
    <subfield code="c">BSZ</subfield>
    <subfield code="d">c</subfield>
    <subfield code="g">HB 73/1981 K</subfield>
    <subfield code="h">N</subfield>
  </datafield>
  <datafield tag="924" ind1="0" ind2=" ">
    <subfield code="a">3158267691</subfield>
    <subfield code="b">DE-105</subfield>
    <subfield code="9">105</subfield>
    <subfield code="c">BSZ</subfield>
    <subfield code="d">c</subfield>
    <subfield code="g">94.6265 8.</subfield>
  </datafield>
  <datafield tag="924" ind1="0" ind2=" ">
    <subfield code="a">3158267756</subfield>
    <subfield code="b">DE-Sp3</subfield>
    <subfield code="9">Sp 3</subfield>
    <subfield code="c">BSZ</subfield>
    <subfield code="d">b</subfield>
    <subfield code="9">p</subfield>
  </datafield>
  <datafield tag="924" ind1="0" ind2=" ">
    <subfield code="a">3158267837</subfield>
    <subfield code="b">DE-747</subfield>
    <subfield code="9">747</subfield>
    <subfield code="c">BSZ</subfield>
    <subfield code="d">c</subfield>
    <subfield code="g">QR 300 K21 T39</subfield>
  </datafield>
  <datafield tag="924" ind1="0" ind2=" ">
    <subfield code="a">3158267888</subfield>
    <subfield code="b">DE-Zwi2</subfield>
    <subfield code="9">Zwi 2</subfield>
    <subfield code="c">BSZ</subfield>
    <subfield code="d">c</subfield>
    <subfield code="g">41 171</subfield>
  </datafield>
  <datafield tag="924" ind1="0" ind2=" ">
    <subfield code="a">3158267969</subfield>
    <subfield code="b">DE-951</subfield>
    <subfield code="9">951</subfield>
    <subfield code="c">BSZ</subfield>
    <subfield code="d">c</subfield>
  </datafield>
  <datafield tag="924" ind1="0" ind2=" ">
    <subfield code="a">3158267993</subfield>
    <subfield code="b">DE-951</subfield>
    <subfield code="9">951</subfield>
    <subfield code="c">BSZ</subfield>
    <subfield code="d">c</subfield>
  </datafield>
  <datafield tag="924" ind1="0" ind2=" ">
    <subfield code="a">3158268043</subfield>
    <subfield code="b">DE-Kh1</subfield>
    <subfield code="9">Kh 1</subfield>
    <subfield code="c">BSZ</subfield>
    <subfield code="d">c</subfield>
  </datafield>
  <datafield tag="924" ind1="0" ind2=" ">
    <subfield code="a">3158268124</subfield>
    <subfield code="b">DE-1147</subfield>
    <subfield code="9">1147</subfield>
    <subfield code="c">BSZ</subfield>
    <subfield code="d">c</subfield>
    <subfield code="g">Eq i 286</subfield>
  </datafield>
  <datafield tag="924" ind1="0" ind2=" ">
    <subfield code="a">3158268183</subfield>
    <subfield code="b">ZDB-HU-100</subfield>
    <subfield code="9">ZDB-HU-100</subfield>
    <subfield code="c">BSZ</subfield>
    <subfield code="d">b</subfield>
    <subfield code="9">p</subfield>
  </datafield>
  <datafield tag="924" ind1="0" ind2=" ">
    <subfield code="a">3158268256</subfield>
    <subfield code="b">DE-1845</subfield>
    <subfield code="9">1845</subfield>
    <subfield code="c">BSZ</subfield>
    <subfield code="d">d</subfield>
    <subfield code="g">QC 130 K21</subfield>
    <subfield code="9">p</subfield>
  </datafield>
  <datafield tag="935" ind1=" " ind2=" ">
    <subfield code="i">Blocktest</subfield>
  </datafield>
  <datafield tag="936" ind1="r" ind2="v">
    <subfield code="a">QR 300</subfield>
    <subfield code="b">Allgemeines</subfield>
    <subfield code="k">Wirtschaftswissenschaften</subfield>
    <subfield code="k">Gewerbepolitik. Einzelne Wirtschaftszweige</subfield>
    <subfield code="k">Wettbewerbs- und Monopolpolitik</subfield>
    <subfield code="k">Allgemeines</subfield>
    <subfield code="0">1271357232</subfield>
    <subfield code="0">(DE-627)1271357232</subfield>
    <subfield code="0">(DE-576)201357232</subfield>
    <subfield code="0">(DE-625)142024:</subfield>
  </datafield>
  <datafield tag="936" ind1="r" ind2="v">
    <subfield code="a">QC 133</subfield>
    <subfield code="b">Wettbewerb und Monopol</subfield>
    <subfield code="k">Wirtschaftswissenschaften</subfield>
    <subfield code="k">Wirtschaftstheorie, einschließlich Geldtheorie</subfield>
    <subfield code="k">Wert-, Preis- und Allokationstheorie</subfield>
    <subfield code="k">Preis und Märkte. Unternehmenstheorie. Theorie des Industriezweiges (Branche oder Teilaggregat). Institutionenökonomie</subfield>
    <subfield code="k">Wettbewerb und Monopol</subfield>
    <subfield code="0">1271501392</subfield>
    <subfield code="0">(DE-627)1271501392</subfield>
    <subfield code="0">(DE-576)201501392</subfield>
    <subfield code="0">(DE-625)141251:</subfield>
  </datafield>
  <datafield tag="936" ind1="b" ind2="k">
    <subfield code="a">83.32</subfield>
    <subfield code="j">Wettbewerb</subfield>
    <subfield code="0">(DE-627)106420380</subfield>
  </datafield>
<datafield tag="690" ind1="H" ind2="D">
            <subfield code="8">YC</subfield>
            <subfield code="a">Wirtschaftswissenschaften : Wirtschaftstheorie, einschliesslich Geldtheorie</subfield>
            <subfield code="2">HSG-IFF</subfield>
        </datafield></record>