<record xmlns="http://www.loc.gov/MARC21/slim">
  <leader>03667cam a2200589   4500</leader>
  <controlfield tag="001">(DE-627)1082331759</controlfield>
  <controlfield tag="003">DE-627</controlfield>
  <controlfield tag="005">20180717194357.0</controlfield>
  <controlfield tag="007">tu</controlfield>
  <controlfield tag="008">861121s1982    xx |||||      00| ||ger c</controlfield>
  <datafield tag="035" ind1=" " ind2=" ">
    <subfield code="a">(DE-627)1082331759</subfield>
  </datafield>
  <datafield tag="035" ind1=" " ind2=" ">
    <subfield code="a">(DE-576)012331759</subfield>
  </datafield>
  <datafield tag="035" ind1=" " ind2=" ">
    <subfield code="a">(DE-599)BSZ012331759</subfield>
  </datafield>
  <datafield tag="035" ind1=" " ind2=" ">
    <subfield code="a">(OCoLC)46013074</subfield>
  </datafield>
  <datafield tag="035" ind1=" " ind2=" ">
    <subfield code="a">(DE-604)8000393592</subfield>
  </datafield>
  <datafield tag="040" ind1=" " ind2=" ">
    <subfield code="a">DE-627</subfield>
    <subfield code="b">ger</subfield>
    <subfield code="c">DE-627</subfield>
    <subfield code="e">rakwb</subfield>
  </datafield>
  <datafield tag="041" ind1=" " ind2=" ">
    <subfield code="a">ger</subfield>
  </datafield>
  <datafield tag="084" ind1=" " ind2=" ">
    <subfield code="a">PN 288</subfield>
    <subfield code="2">rvk</subfield>
  </datafield>
  <datafield tag="084" ind1=" " ind2=" ">
    <subfield code="a">PN 287</subfield>
    <subfield code="2">rvk</subfield>
  </datafield>
  <datafield tag="084" ind1=" " ind2=" ">
    <subfield code="a">QX 200</subfield>
    <subfield code="2">rvk</subfield>
  </datafield>
  <datafield tag="100" ind1="1" ind2=" ">
    <subfield code="a">Albers, Willi</subfield>
  </datafield>
  <datafield tag="245" ind1="1" ind2="0">
    <subfield code="a">Unbefriedigende Verteilungswirkungen bei der Einkommensteuer und bei Transferzahlungen in der Bundesrepublik Deutschland</subfield>
    <subfield code="c">von Willi Albers</subfield>
  </datafield>
  <datafield tag="264" ind1=" " ind2="1">
    <subfield code="a">Düsseldorf [u.a.]</subfield>
    <subfield code="b">Pädagogik-&amp;-Hochschul-Verl.</subfield>
    <subfield code="c">1982</subfield>
  </datafield>
  <datafield tag="300" ind1=" " ind2=" ">
    <subfield code="a">21 S.</subfield>
    <subfield code="b">graph. Darst.</subfield>
  </datafield>
  <datafield tag="336" ind1=" " ind2=" ">
    <subfield code="a">Text</subfield>
    <subfield code="b">txt</subfield>
    <subfield code="2">rdacontent</subfield>
  </datafield>
  <datafield tag="337" ind1=" " ind2=" ">
    <subfield code="a">ohne Hilfsmittel zu benutzen</subfield>
    <subfield code="b">n</subfield>
    <subfield code="2">rdamedia</subfield>
  </datafield>
  <datafield tag="338" ind1=" " ind2=" ">
    <subfield code="a">Band</subfield>
    <subfield code="b">nc</subfield>
    <subfield code="2">rdacarrier</subfield>
  </datafield>
  <datafield tag="490" ind1="1" ind2=" ">
    <subfield code="a">Verantwortung und Leistung</subfield>
    <subfield code="v">6</subfield>
  </datafield>
  <datafield tag="591" ind1=" " ind2=" ">
    <subfield code="a">720 ff. bvb; 580 ff. bvb ; IMD-Felder und 1131 maschinell ergänzt (SWB)</subfield>
  </datafield>
  <datafield tag="689" ind1="0" ind2="0">
    <subfield code="D">g</subfield>
    <subfield code="0">(DE-588)4011889-7</subfield>
    <subfield code="0">(DE-627)104732423</subfield>
    <subfield code="0">(DE-576)208896201</subfield>
    <subfield code="a">Deutschland</subfield>
    <subfield code="g">Bundesrepublik</subfield>
    <subfield code="2">gnd</subfield>
  </datafield>
  <datafield tag="689" ind1="0" ind2="1">
    <subfield code="D">s</subfield>
    <subfield code="0">(DE-588)4185886-4</subfield>
    <subfield code="0">(DE-627)104657642</subfield>
    <subfield code="0">(DE-576)21003548X</subfield>
    <subfield code="a">Transferzahlung</subfield>
    <subfield code="2">gnd</subfield>
  </datafield>
  <datafield tag="689" ind1="0" ind2="2">
    <subfield code="D">s</subfield>
    <subfield code="0">(DE-588)4013898-7</subfield>
    <subfield code="0">(DE-627)106341626</subfield>
    <subfield code="0">(DE-576)208905936</subfield>
    <subfield code="a">Einkommensverteilung</subfield>
    <subfield code="2">gnd</subfield>
  </datafield>
  <datafield tag="689" ind1="0" ind2=" ">
    <subfield code="5">DE-576</subfield>
  </datafield>
  <datafield tag="689" ind1="1" ind2="0">
    <subfield code="D">g</subfield>
    <subfield code="0">(DE-588)4011889-7</subfield>
    <subfield code="0">(DE-627)104732423</subfield>
    <subfield code="0">(DE-576)208896201</subfield>
    <subfield code="a">Deutschland</subfield>
    <subfield code="g">Bundesrepublik</subfield>
    <subfield code="2">gnd</subfield>
  </datafield>
  <datafield tag="689" ind1="1" ind2="1">
    <subfield code="D">s</subfield>
    <subfield code="0">(DE-588)4013895-1</subfield>
    <subfield code="0">(DE-627)106341642</subfield>
    <subfield code="0">(DE-576)20890591X</subfield>
    <subfield code="a">Einkommensteuer</subfield>
    <subfield code="2">gnd</subfield>
  </datafield>
  <datafield tag="689" ind1="1" ind2="2">
    <subfield code="D">s</subfield>
    <subfield code="0">(DE-588)4013898-7</subfield>
    <subfield code="0">(DE-627)106341626</subfield>
    <subfield code="0">(DE-576)208905936</subfield>
    <subfield code="a">Einkommensverteilung</subfield>
    <subfield code="2">gnd</subfield>
  </datafield>
  <datafield tag="689" ind1="1" ind2=" ">
    <subfield code="5">DE-576</subfield>
  </datafield>
  <datafield tag="830" ind1=" " ind2="0">
    <subfield code="a">Verantwortung und Leistung</subfield>
    <subfield code="9">6</subfield>
    <subfield code="v">6</subfield>
    <subfield code="w">(DE-627)13029859X</subfield>
    <subfield code="w">(DE-576)015877647</subfield>
    <subfield code="w">(DE-600)580262-3</subfield>
  </datafield>
  <datafield tag="924" ind1="0" ind2=" ">
    <subfield code="a">2093387050</subfield>
    <subfield code="b">DE-21-19</subfield>
    <subfield code="9">21/19</subfield>
    <subfield code="c">BSZ</subfield>
    <subfield code="d">b</subfield>
    <subfield code="g">Fi IId 276</subfield>
    <subfield code="9">p</subfield>
  </datafield>
  <datafield tag="924" ind1="0" ind2=" ">
    <subfield code="a">2093386917</subfield>
    <subfield code="b">DE-25</subfield>
    <subfield code="9">25</subfield>
    <subfield code="c">BSZ</subfield>
    <subfield code="d">c</subfield>
    <subfield code="g">KA 83/413</subfield>
  </datafield>
  <datafield tag="924" ind1="0" ind2=" ">
    <subfield code="a">2093386992</subfield>
    <subfield code="b">DE-291</subfield>
    <subfield code="9">291</subfield>
    <subfield code="c">BSZ</subfield>
    <subfield code="d">c</subfield>
    <subfield code="g">MT 4474</subfield>
  </datafield>
  <datafield tag="924" ind1="0" ind2=" ">
    <subfield code="a">2093386909</subfield>
    <subfield code="b">DE-14</subfield>
    <subfield code="9">14</subfield>
    <subfield code="c">BSZ</subfield>
    <subfield code="d">c</subfield>
  </datafield>
  <datafield tag="924" ind1="0" ind2=" ">
    <subfield code="a">2093386933</subfield>
    <subfield code="b">DE-352</subfield>
    <subfield code="9">352</subfield>
    <subfield code="c">BSZ</subfield>
    <subfield code="d">c</subfield>
    <subfield code="g">wrj 415/a51</subfield>
  </datafield>
  <datafield tag="924" ind1="0" ind2=" ">
    <subfield code="a">209338695X</subfield>
    <subfield code="b">DE-24</subfield>
    <subfield code="9">24</subfield>
    <subfield code="c">BSZ</subfield>
    <subfield code="d">c</subfield>
    <subfield code="g">33Ca/330</subfield>
  </datafield>
  <datafield tag="924" ind1="0" ind2=" ">
    <subfield code="a">2906050202</subfield>
    <subfield code="b">DE-180</subfield>
    <subfield code="9">180</subfield>
    <subfield code="c">BSZ</subfield>
    <subfield code="d">c</subfield>
    <subfield code="g">QB 8145</subfield>
    <subfield code="h">AUS01</subfield>
  </datafield>
  <datafield tag="924" ind1="0" ind2=" ">
    <subfield code="a">2093386968</subfield>
    <subfield code="b">DE-93</subfield>
    <subfield code="9">93</subfield>
    <subfield code="c">BSZ</subfield>
    <subfield code="d">c</subfield>
    <subfield code="g">3Aa 3975-6</subfield>
  </datafield>
  <datafield tag="924" ind1="0" ind2=" ">
    <subfield code="a">2093386925</subfield>
    <subfield code="b">DE-Ka26</subfield>
    <subfield code="9">Ka 26</subfield>
    <subfield code="c">BSZ</subfield>
    <subfield code="d">c</subfield>
    <subfield code="g">FB 950/013-6</subfield>
  </datafield>
  <datafield tag="924" ind1="0" ind2=" ">
    <subfield code="a">2093386976</subfield>
    <subfield code="b">DE-100</subfield>
    <subfield code="9">100</subfield>
    <subfield code="c">BSZ</subfield>
    <subfield code="d">c</subfield>
  </datafield>
  <datafield tag="924" ind1="0" ind2=" ">
    <subfield code="a">2093387018</subfield>
    <subfield code="b">DE-Sp3</subfield>
    <subfield code="9">Sp 3</subfield>
    <subfield code="c">BSZ</subfield>
    <subfield code="d">b</subfield>
    <subfield code="9">p</subfield>
  </datafield>
  <datafield tag="936" ind1="r" ind2="v">
    <subfield code="a">PN 288</subfield>
    <subfield code="b">Auslese, Zugang zu öffentlichen Ämtern, Ausbildung, Laufbahnrecht, Dienstpostenbewertung, Stellenpläne, dienstliche Beurteilung, Personalaktenrecht</subfield>
    <subfield code="k">Rechtswissenschaft</subfield>
    <subfield code="k">Verwaltungswissenschaften und Verwaltungsrecht</subfield>
    <subfield code="k">Besonderes Verwaltungsrecht</subfield>
    <subfield code="k">Recht des Öffentlichen Dienstes</subfield>
    <subfield code="k">Bund (hier auch Literatur, die Bund und Länder umfasst)</subfield>
    <subfield code="k">Auslese, Zugang zu öffentlichen Ämtern, Ausbildung, Laufbahnrecht, Dienstpostenbewertung, Stellenpläne, dienstliche Beurteilung, Personalaktenrecht</subfield>
    <subfield code="0">1271299607</subfield>
    <subfield code="0">(DE-627)1271299607</subfield>
    <subfield code="0">(DE-576)201299607</subfield>
    <subfield code="0">(DE-625)137355:</subfield>
  </datafield>
  <datafield tag="936" ind1="r" ind2="v">
    <subfield code="a">PN 287</subfield>
    <subfield code="b">Einzeldarstellungen zum Beamtenrecht allgemein,</subfield>
    <subfield code="k">Rechtswissenschaft</subfield>
    <subfield code="k">Verwaltungswissenschaften und Verwaltungsrecht</subfield>
    <subfield code="k">Besonderes Verwaltungsrecht</subfield>
    <subfield code="k">Recht des Öffentlichen Dienstes</subfield>
    <subfield code="k">Allgemeines</subfield>
    <subfield code="k">Einzeldarstellungen zum Beamtenrecht allgemein,</subfield>
    <subfield code="0">1271299577</subfield>
    <subfield code="0">(DE-627)1271299577</subfield>
    <subfield code="0">(DE-576)201299577</subfield>
    <subfield code="0">(DE-625)137353:</subfield>
  </datafield>
  <datafield tag="936" ind1="r" ind2="v">
    <subfield code="a">QX 200</subfield>
    <subfield code="b">Einkommensverteilungspolitik. Eigentums- und Vermögenspolitik</subfield>
    <subfield code="k">Wirtschaftswissenschaften</subfield>
    <subfield code="k">Sozialpolitik. Gesundheitswesen. Bildungsökonomie</subfield>
    <subfield code="k">Einkommensverteilungspolitik. Eigentums- und Vermögenspolitik</subfield>
    <subfield code="0">1271506688</subfield>
    <subfield code="0">(DE-627)1271506688</subfield>
    <subfield code="0">(DE-576)201506688</subfield>
    <subfield code="0">(DE-625)142181:</subfield>
  </datafield>
<datafield tag="690" ind1="H" ind2="D">
            <subfield code="8">YL7</subfield>
            <subfield code="a">Wirtschaftswissenschaften : Finanzwissenschaft. Betriebswirtschaftliche Steuerlehre : Finanzpolitik. Fiscal Policy. Finanzwirtschaft und Finanzpolitik einzelner Länder</subfield>
            <subfield code="2">HSG-IFF</subfield>
        </datafield><datafield tag="690" ind1="H" ind2="D">
            <subfield code="8">YL8</subfield>
            <subfield code="a">Wirtschaftswissenschaften : Finanzwissenschaft. Betriebswirtschaftliche Steuerlehre : Allgemeine Steuerlehre, Steuersystem einzelner Länder</subfield>
            <subfield code="2">HSG-IFF</subfield>
            </datafield><datafield tag="690" ind1="H" ind2="D">
            <subfield code="8">YL9</subfield>
            <subfield code="a">Wirtschaftswissenschaften : Finanzwissenschaft. Betriebswirtschaftliche Steuerlehre : Betriebswirtschaftliche Steuerlehre</subfield>
            <subfield code="2">HSG-IFF</subfield>
            </datafield></record>