<record xmlns="http://www.loc.gov/MARC21/slim">
  <leader>01235caa a22002772  4500</leader>
  <controlfield tag="001">(DE-627)1406405469</controlfield>
  <controlfield tag="003">DE-627</controlfield>
  <controlfield tag="005">20130705121116.0</controlfield>
  <controlfield tag="007">tu</controlfield>
  <controlfield tag="008">110121s1989    xx |||||      00| ||und c</controlfield>
  <datafield tag="035" ind1=" " ind2=" ">
    <subfield code="a">(DE-627)1406405469</subfield>
  </datafield>
  <datafield tag="035" ind1=" " ind2=" ">
    <subfield code="a">(DE-576)336405464</subfield>
  </datafield>
  <datafield tag="035" ind1=" " ind2=" ">
    <subfield code="a">(DE-599)BSZ336405464</subfield>
  </datafield>
  <datafield tag="040" ind1=" " ind2=" ">
    <subfield code="a">DE-627</subfield>
    <subfield code="b">ger</subfield>
    <subfield code="c">DE-627</subfield>
    <subfield code="e">rakwb</subfield>
  </datafield>
  <datafield tag="100" ind1="1" ind2=" ">
    <subfield code="a">Eiermann, Rudolf</subfield>
    <subfield code="d">-1999</subfield>
    <subfield code="0">(DE-588)170764133</subfield>
    <subfield code="0">(DE-627)06089542X</subfield>
    <subfield code="0">(DE-576)131618555</subfield>
  </datafield>
  <datafield tag="245" ind1="1" ind2="4">
    <subfield code="a">Ein öffentliches Unternehmen zwischen Markt und Staat</subfield>
    <subfield code="b">die Unternehmensverfassung der Deutschen Bundesbahn</subfield>
    <subfield code="c">Rudolf Eiermann</subfield>
  </datafield>
  <datafield tag="264" ind1=" " ind2="1">
    <subfield code="c">1989</subfield>
  </datafield>
  <datafield tag="336" ind1=" " ind2=" ">
    <subfield code="a">Text</subfield>
    <subfield code="b">txt</subfield>
    <subfield code="2">rdacontent</subfield>
  </datafield>
  <datafield tag="337" ind1=" " ind2=" ">
    <subfield code="a">ohne Hilfsmittel zu benutzen</subfield>
    <subfield code="b">n</subfield>
    <subfield code="2">rdamedia</subfield>
  </datafield>
  <datafield tag="338" ind1=" " ind2=" ">
    <subfield code="a">Band</subfield>
    <subfield code="b">nc</subfield>
    <subfield code="2">rdacarrier</subfield>
  </datafield>
  <datafield tag="591" ind1=" " ind2=" ">
    <subfield code="a">IMD-Felder und 1131 maschinell ergänzt (SWB)</subfield>
  </datafield>
  <datafield tag="700" ind1="1" ind2=" ">
    <subfield code="a">Potthoff, Erich</subfield>
    <subfield code="d">1914-2005</subfield>
    <subfield code="0">(DE-588)118845543</subfield>
    <subfield code="0">(DE-627)079620906</subfield>
    <subfield code="0">(DE-576)162601883</subfield>
  </datafield>
  <datafield tag="773" ind1="0" ind2="8">
    <subfield code="b">1. Aufl.</subfield>
    <subfield code="d">Baden-Baden : Nomos-Verl.-Ges., 1989</subfield>
    <subfield code="g">(1989), Seite 204-212</subfield>
    <subfield code="h">351 S.</subfield>
    <subfield code="i">In</subfield>
    <subfield code="z">3789016837</subfield>
    <subfield code="t">Unternehmensverfassung in der privaten und öffentlichen Wirtschaft</subfield>
    <subfield code="w">(DE-627)255808917</subfield>
    <subfield code="w">(DE-576)017348013</subfield>
  </datafield>
  <datafield tag="924" ind1="1" ind2=" ">
    <subfield code="a">275011960X</subfield>
    <subfield code="b">DE-105</subfield>
    <subfield code="9">105</subfield>
    <subfield code="c">BSZ</subfield>
    <subfield code="d">c</subfield>
  </datafield>
  <datafield tag="924" ind1="1" ind2=" ">
    <subfield code="a">2661519645</subfield>
    <subfield code="b">DE-B791</subfield>
    <subfield code="9">B 791</subfield>
    <subfield code="c">BSZ</subfield>
    <subfield code="d">b</subfield>
    <subfield code="g">A 25/363</subfield>
    <subfield code="9">p</subfield>
  </datafield>
  <datafield tag="936" ind1="u" ind2="w">
    <subfield code="j">1989</subfield>
    <subfield code="h">204-212</subfield>
  </datafield>
<datafield tag="690" ind1="H" ind2="D">
            <subfield code="8">YQ</subfield>
            <subfield code="a">Wirtschaftswissenschaften : Spezielle Betriebswirtschaftslehren</subfield>
            <subfield code="2">HSG-IFF</subfield>
        </datafield></record>