<record xmlns="http://www.loc.gov/MARC21/slim">
  <leader>04243cam a22007092  4500</leader>
  <controlfield tag="001">(DE-627)864117353</controlfield>
  <controlfield tag="003">DE-627</controlfield>
  <controlfield tag="005">20180729134948.0</controlfield>
  <controlfield tag="007">cr uuu---uuuuu</controlfield>
  <controlfield tag="008">141209s2010    xx |||||o     00| ||eng c</controlfield>
  <datafield tag="020" ind1=" " ind2=" ">
    <subfield code="a">9780262284547</subfield>
    <subfield code="c">electronic bk.</subfield>
  </datafield>
  <datafield tag="020" ind1=" " ind2=" ">
    <subfield code="a">0262284545</subfield>
    <subfield code="c">electronic bk.</subfield>
  </datafield>
  <datafield tag="020" ind1=" " ind2=" ">
    <subfield code="z">0262195534</subfield>
    <subfield code="c">hardcover : alk. paper</subfield>
  </datafield>
  <datafield tag="020" ind1=" " ind2=" ">
    <subfield code="z">9780262195539</subfield>
    <subfield code="c">hardcover : alk. paper</subfield>
  </datafield>
  <datafield tag="020" ind1=" " ind2=" ">
    <subfield code="z">0262195534</subfield>
    <subfield code="c">hardcover : alk. paper</subfield>
  </datafield>
  <datafield tag="020" ind1=" " ind2=" ">
    <subfield code="z">9780262195539</subfield>
    <subfield code="c">hardcover : alk. paper</subfield>
  </datafield>
  <datafield tag="035" ind1=" " ind2=" ">
    <subfield code="a">(DE-627)864117353</subfield>
  </datafield>
  <datafield tag="035" ind1=" " ind2=" ">
    <subfield code="a">(DE-576)422245933</subfield>
  </datafield>
  <datafield tag="035" ind1=" " ind2=" ">
    <subfield code="a">(DE-599)BSZ422245933</subfield>
  </datafield>
  <datafield tag="035" ind1=" " ind2=" ">
    <subfield code="a">(OCoLC)86073977</subfield>
  </datafield>
  <datafield tag="035" ind1=" " ind2=" ">
    <subfield code="a">(EbpS)173430</subfield>
  </datafield>
  <datafield tag="040" ind1=" " ind2=" ">
    <subfield code="a">DE-627</subfield>
    <subfield code="b">ger</subfield>
    <subfield code="c">DE-627</subfield>
    <subfield code="e">rakwb</subfield>
  </datafield>
  <datafield tag="041" ind1=" " ind2=" ">
    <subfield code="a">eng</subfield>
  </datafield>
  <datafield tag="044" ind1=" " ind2=" ">
    <subfield code="c">XD-US</subfield>
  </datafield>
  <datafield tag="050" ind1=" " ind2="0">
    <subfield code="a">HJ8899</subfield>
  </datafield>
  <datafield tag="082" ind1="0" ind2=" ">
    <subfield code="a">336.3435091724</subfield>
  </datafield>
  <datafield tag="082" ind1="0" ind2=" ">
    <subfield code="a">336.3/435091724</subfield>
  </datafield>
  <datafield tag="084" ind1=" " ind2=" ">
    <subfield code="a">BUS051000</subfield>
    <subfield code="2">bisacsh</subfield>
  </datafield>
  <datafield tag="245" ind1="1" ind2="0">
    <subfield code="a">Debt defaults and lessons from a decade of crises</subfield>
    <subfield code="c">Federico Sturzenegger and Jeromin Zettelmeyer</subfield>
  </datafield>
  <datafield tag="264" ind1=" " ind2="1">
    <subfield code="a">Cambridge, Mass</subfield>
    <subfield code="b">MIT Press</subfield>
    <subfield code="c">2010</subfield>
  </datafield>
  <datafield tag="300" ind1=" " ind2=" ">
    <subfield code="a">Online Ressource (xii, 385 p.)</subfield>
    <subfield code="b">ill.</subfield>
  </datafield>
  <datafield tag="336" ind1=" " ind2=" ">
    <subfield code="a">Text</subfield>
    <subfield code="b">txt</subfield>
    <subfield code="2">rdacontent</subfield>
  </datafield>
  <datafield tag="337" ind1=" " ind2=" ">
    <subfield code="a">Computermedien</subfield>
    <subfield code="b">c</subfield>
    <subfield code="2">rdamedia</subfield>
  </datafield>
  <datafield tag="338" ind1=" " ind2=" ">
    <subfield code="a">Online-Ressource</subfield>
    <subfield code="b">cr</subfield>
    <subfield code="2">rdacarrier</subfield>
  </datafield>
  <datafield tag="500" ind1=" " ind2=" ">
    <subfield code="a">Includes bibliographical references (p. [345]-364) and index. - Description based on print version record.</subfield>
  </datafield>
  <datafield tag="500" ind1=" " ind2=" ">
    <subfield code="a">Description based on print version record.</subfield>
  </datafield>
  <datafield tag="500" ind1=" " ind2=" ">
    <subfield code="a">Master and use copy. Digital master created according to Benchmark for Faithful Digital Reproductions of Monographs and Serials, Version 1. Digital Library Federation, December 2002.</subfield>
  </datafield>
  <datafield tag="520" ind1=" " ind2=" ">
    <subfield code="a">Providing case studies of debt defaults by Russia, Ukraine, Pakistan, Ecuador, Moldova, and Uruguay, framed by a discussion of the history, economic theory, legal issues, and policy lessons of sovereign debt crises, this work examines the facts, economic theory, and policy implications of sovereign debt crises</subfield>
  </datafield>
  <datafield tag="530" ind1=" " ind2=" ">
    <subfield code="a">Online-Ausg. [S.l.] : HathiTrust Digital Library.</subfield>
  </datafield>
  <datafield tag="533" ind1=" " ind2=" ">
    <subfield code="a">Online-Ausg.</subfield>
    <subfield code="b">[S.l.]</subfield>
    <subfield code="c">HathiTrust Digital Library</subfield>
    <subfield code="n">Online-Ausg. [S.l.] : HathiTrust Digital Library</subfield>
  </datafield>
  <datafield tag="538" ind1=" " ind2=" ">
    <subfield code="a">Master and use copy. Digital master created according to Benchmark for Faithful Digital Reproductions of Monographs and Serials, Version 1. Digital Library Federation, December 2002.</subfield>
  </datafield>
  <datafield tag="591" ind1=" " ind2=" ">
    <subfield code="a">IMD-Felder und 1131 maschinell ergänzt (SWB)</subfield>
  </datafield>
  <datafield tag="650" ind1=" " ind2="0">
    <subfield code="a">Debts, External</subfield>
    <subfield code="x">Developing countries</subfield>
  </datafield>
  <datafield tag="650" ind1=" " ind2="0">
    <subfield code="a">Debt relief</subfield>
    <subfield code="x">Developing countries</subfield>
  </datafield>
  <datafield tag="650" ind1=" " ind2="0">
    <subfield code="a">Dettes extérieures</subfield>
    <subfield code="x">Pays en voie de développement</subfield>
  </datafield>
  <datafield tag="650" ind1=" " ind2="0">
    <subfield code="a">Dettes</subfield>
    <subfield code="x">Allègement</subfield>
    <subfield code="x">Pays en voie de développement</subfield>
  </datafield>
  <datafield tag="650" ind1=" " ind2="4">
    <subfield code="a">Debt relief</subfield>
    <subfield code="x">Developing countries</subfield>
  </datafield>
  <datafield tag="650" ind1=" " ind2="4">
    <subfield code="a">Debts, External</subfield>
    <subfield code="x">Developing countries</subfield>
  </datafield>
  <datafield tag="650" ind1=" " ind2="4">
    <subfield code="a">Dettes</subfield>
    <subfield code="x">Allègement</subfield>
    <subfield code="x">Pays en voie de développement</subfield>
  </datafield>
  <datafield tag="650" ind1=" " ind2="4">
    <subfield code="a">Dettes extérieures</subfield>
    <subfield code="x">Pays en voie de développement</subfield>
  </datafield>
  <datafield tag="651" ind1=" " ind2="0">
    <subfield code="a">Developing countries</subfield>
    <subfield code="x">Economic policy</subfield>
    <subfield code="x">Developing countries</subfield>
  </datafield>
  <datafield tag="651" ind1=" " ind2="0">
    <subfield code="a">Pays en voie de développement</subfield>
    <subfield code="x">Politique économique</subfield>
    <subfield code="x">Zuid-Amerika</subfield>
    <subfield code="x">Oost-Europa</subfield>
    <subfield code="x">Pakistan</subfield>
  </datafield>
  <datafield tag="651" ind1=" " ind2="4">
    <subfield code="a">Developing countries</subfield>
    <subfield code="x">Economic policy</subfield>
    <subfield code="x">Developing countries</subfield>
  </datafield>
  <datafield tag="651" ind1=" " ind2="4">
    <subfield code="a">Pays en voie de développement</subfield>
    <subfield code="x">Politique économique</subfield>
    <subfield code="x">Zuid-Amerika</subfield>
    <subfield code="x">Oost-Europa</subfield>
    <subfield code="x">Pakistan</subfield>
  </datafield>
  <datafield tag="655" ind1=" " ind2="4">
    <subfield code="a">Electronic books</subfield>
  </datafield>
  <datafield tag="700" ind1="1" ind2=" ">
    <subfield code="a">Sturzenegger, Federico</subfield>
    <subfield code="d">1966-</subfield>
    <subfield code="0">(DE-588)170944190</subfield>
    <subfield code="0">(DE-627)06109479X</subfield>
    <subfield code="0">(DE-576)131780514</subfield>
  </datafield>
  <datafield tag="700" ind1="1" ind2=" ">
    <subfield code="a">Zettelmeyer, Jeromin</subfield>
    <subfield code="d">1964-</subfield>
    <subfield code="0">(DE-588)171453395</subfield>
    <subfield code="0">(DE-627)061655821</subfield>
    <subfield code="0">(DE-576)17684239X</subfield>
  </datafield>
  <datafield tag="856" ind1="4" ind2="0">
    <subfield code="u">http://search.ebscohost.com/login.aspx?direct=true&amp;scope=site&amp;db=nlebk&amp;db=nlabk&amp;AN=173430</subfield>
    <subfield code="x">Verlag</subfield>
    <subfield code="3">EBSCOhost</subfield>
  </datafield>
  <datafield tag="924" ind1="1" ind2=" ">
    <subfield code="a">1628118350</subfield>
    <subfield code="b">DE-Ma9</subfield>
    <subfield code="c">GBV</subfield>
    <subfield code="d">d</subfield>
    <subfield code="g">eBook EBSCO AC</subfield>
    <subfield code="k">http://search.ebscohost.com/login.aspx?direct=true&amp;scope=site&amp;db=nlebk&amp;db=nlabk&amp;AN=173430</subfield>
    <subfield code="k">http://han.med.uni-magdeburg.de/han/ebsco-academic-collection/search.ebscohost.com/login.aspx?direct=true&amp;scope=site&amp;db=nlebk&amp;db=nlabk&amp;AN=173430</subfield>
  </datafield>
  <datafield tag="924" ind1="1" ind2=" ">
    <subfield code="a">3387746245</subfield>
    <subfield code="b">DE-21</subfield>
    <subfield code="9">21</subfield>
    <subfield code="c">BSZ</subfield>
    <subfield code="d">d</subfield>
    <subfield code="k">http://search.ebscohost.com/login.aspx?direct=true&amp;scope=site&amp;db=nlebk&amp;db=nlabk&amp;AN=173430</subfield>
    <subfield code="l">Zugang für die Universität Tübingen</subfield>
    <subfield code="9">n</subfield>
  </datafield>
  <datafield tag="924" ind1="1" ind2=" ">
    <subfield code="a">3387746326</subfield>
    <subfield code="b">DE-291</subfield>
    <subfield code="9">291</subfield>
    <subfield code="c">BSZ</subfield>
    <subfield code="d">d</subfield>
    <subfield code="k">http://search.ebscohost.com/login.aspx?direct=true&amp;scope=site&amp;db=nlebk&amp;db=nlabk&amp;AN=173430</subfield>
    <subfield code="l">Zugriff nur aus dem Universitätsnetz</subfield>
    <subfield code="9">n</subfield>
  </datafield>
  <datafield tag="935" ind1=" " ind2=" ">
    <subfield code="i">Blocktest</subfield>
  </datafield>
<datafield tag="690" ind1="H" ind2="D">
            <subfield code="8">YL7</subfield>
            <subfield code="a">Wirtschaftswissenschaften : Finanzwissenschaft. Betriebswirtschaftliche Steuerlehre : Finanzpolitik. Fiscal Policy. Finanzwirtschaft und Finanzpolitik einzelner Länder</subfield>
            <subfield code="2">HSG-IFF</subfield>
        </datafield></record>