<record xmlns="http://www.loc.gov/MARC21/slim">
  <leader>00885cab a22002532  4500</leader>
  <controlfield tag="001">(DE-627)379546477</controlfield>
  <controlfield tag="003">DE-627</controlfield>
  <controlfield tag="005">20170909115202.0</controlfield>
  <controlfield tag="007">tu</controlfield>
  <controlfield tag="008">040226s1977    xx und c</controlfield>
  <datafield tag="035" ind1=" " ind2=" ">
    <subfield code="a">(DE-627)379546477</subfield>
  </datafield>
  <datafield tag="035" ind1=" " ind2=" ">
    <subfield code="a">(DE-599)GBV379546477</subfield>
  </datafield>
  <datafield tag="040" ind1=" " ind2=" ">
    <subfield code="a">DE-627</subfield>
    <subfield code="b">ger</subfield>
    <subfield code="c">DE-627</subfield>
    <subfield code="e">rakwb</subfield>
  </datafield>
  <datafield tag="100" ind1="1" ind2=" ">
    <subfield code="a">Bohley, Peter</subfield>
  </datafield>
  <datafield tag="245" ind1="1" ind2="0">
    <subfield code="a">Wirtschaftspolitische Massnahmen zur Förderung der Wirtschaftlichkeit des Verkehrs</subfield>
    <subfield code="c">Peter Bohley</subfield>
  </datafield>
  <datafield tag="264" ind1=" " ind2="1">
    <subfield code="c">1977</subfield>
  </datafield>
  <datafield tag="336" ind1=" " ind2=" ">
    <subfield code="a">Text</subfield>
    <subfield code="b">txt</subfield>
    <subfield code="2">rdacontent</subfield>
  </datafield>
  <datafield tag="337" ind1=" " ind2=" ">
    <subfield code="a">ohne Hilfsmittel zu benutzen</subfield>
    <subfield code="b">n</subfield>
    <subfield code="2">rdamedia</subfield>
  </datafield>
  <datafield tag="338" ind1=" " ind2=" ">
    <subfield code="a">Band</subfield>
    <subfield code="b">nc</subfield>
    <subfield code="2">rdacarrier</subfield>
  </datafield>
  <datafield tag="773" ind1="0" ind2="8">
    <subfield code="i">In</subfield>
    <subfield code="t">Swiss journal of economics and statistics</subfield>
    <subfield code="d">Bern : Lang, 1945</subfield>
    <subfield code="g">113(1977), 3, Seite 301-313</subfield>
    <subfield code="w">(DE-627)129458546</subfield>
    <subfield code="w">(DE-600)200233-4</subfield>
    <subfield code="w">(DE-576)014821966</subfield>
    <subfield code="x">0303-9692</subfield>
  </datafield>
  <datafield tag="924" ind1="1" ind2=" ">
    <subfield code="a">1187969567</subfield>
    <subfield code="b">DE-46</subfield>
    <subfield code="c">GBV</subfield>
  </datafield>
  <datafield tag="924" ind1="1" ind2=" ">
    <subfield code="a">636590895</subfield>
    <subfield code="b">DE-206</subfield>
    <subfield code="c">GBV</subfield>
  </datafield>
  <datafield tag="935" ind1=" " ind2=" ">
    <subfield code="i">ZBWRetro</subfield>
  </datafield>
  <datafield tag="936" ind1="u" ind2="w">
    <subfield code="d">113</subfield>
    <subfield code="j">1977</subfield>
    <subfield code="e">3</subfield>
    <subfield code="h">301-313</subfield>
  </datafield>
<datafield tag="690" ind1="H" ind2="D">
            <subfield code="8">YL1</subfield>
            <subfield code="a">Wirtschaftswissenschaften : Finanzwissenschaft. Betriebswirtschaftliche Steuerlehre : Allgemeines</subfield>
            <subfield code="2">HSG-IFF</subfield>
        </datafield></record>