<record xmlns="http://www.loc.gov/MARC21/slim">
  <leader>02354cam a22004692  4500</leader>
  <controlfield tag="001">(DE-627)1138386898</controlfield>
  <controlfield tag="003">DE-627</controlfield>
  <controlfield tag="005">20170519151006.0</controlfield>
  <controlfield tag="007">tu</controlfield>
  <controlfield tag="008">980903s1998    xx |||||      10| ||ger c</controlfield>
  <datafield tag="015" ind1=" " ind2=" ">
    <subfield code="a">98,N26,0177</subfield>
    <subfield code="2">dnb</subfield>
  </datafield>
  <datafield tag="016" ind1="7" ind2=" ">
    <subfield code="a">953791971</subfield>
    <subfield code="2">DE-101</subfield>
  </datafield>
  <datafield tag="020" ind1=" " ind2=" ">
    <subfield code="a">3504655054</subfield>
  </datafield>
  <datafield tag="020" ind1=" " ind2=" ">
    <subfield code="a">3725537402</subfield>
  </datafield>
  <datafield tag="020" ind1=" " ind2=" ">
    <subfield code="a">3700713258</subfield>
  </datafield>
  <datafield tag="035" ind1=" " ind2=" ">
    <subfield code="a">(DE-627)1138386898</subfield>
  </datafield>
  <datafield tag="035" ind1=" " ind2=" ">
    <subfield code="a">(DE-576)068386893</subfield>
  </datafield>
  <datafield tag="035" ind1=" " ind2=" ">
    <subfield code="a">(DE-599)DNB953791971</subfield>
  </datafield>
  <datafield tag="035" ind1=" " ind2=" ">
    <subfield code="a">(OCoLC)47980210</subfield>
  </datafield>
  <datafield tag="040" ind1=" " ind2=" ">
    <subfield code="a">DE-627</subfield>
    <subfield code="b">ger</subfield>
    <subfield code="c">DE-627</subfield>
    <subfield code="e">rakwb</subfield>
  </datafield>
  <datafield tag="041" ind1=" " ind2=" ">
    <subfield code="a">ger</subfield>
  </datafield>
  <datafield tag="084" ind1=" " ind2=" ">
    <subfield code="a">QP 760</subfield>
    <subfield code="2">rvk</subfield>
  </datafield>
  <datafield tag="245" ind1="1" ind2="0">
    <subfield code="a">Unternehmenssanierung</subfield>
    <subfield code="b">in Bad Ragaz vom 29. - 31. Mai 1997</subfield>
    <subfield code="c">DACH, Europäische Anwaltsvereinigung, Eingetragener Verein. Mit Beitr. von: Joachim Bauer ...</subfield>
  </datafield>
  <datafield tag="264" ind1=" " ind2="1">
    <subfield code="a">Köln</subfield>
    <subfield code="b">O. Schmidt</subfield>
    <subfield code="c">1998</subfield>
  </datafield>
  <datafield tag="264" ind1=" " ind2="1">
    <subfield code="a">Zürich</subfield>
    <subfield code="b">Schulthess, Polygraph. Verl.</subfield>
    <subfield code="c">1998</subfield>
  </datafield>
  <datafield tag="300" ind1=" " ind2=" ">
    <subfield code="a">IX, 166 S.</subfield>
  </datafield>
  <datafield tag="336" ind1=" " ind2=" ">
    <subfield code="a">Text</subfield>
    <subfield code="b">txt</subfield>
    <subfield code="2">rdacontent</subfield>
  </datafield>
  <datafield tag="337" ind1=" " ind2=" ">
    <subfield code="a">ohne Hilfsmittel zu benutzen</subfield>
    <subfield code="b">n</subfield>
    <subfield code="2">rdamedia</subfield>
  </datafield>
  <datafield tag="338" ind1=" " ind2=" ">
    <subfield code="a">Band</subfield>
    <subfield code="b">nc</subfield>
    <subfield code="2">rdacarrier</subfield>
  </datafield>
  <datafield tag="490" ind1="1" ind2=" ">
    <subfield code="a">... Tagung / DACH, Europäische Anwaltsvereinigung</subfield>
    <subfield code="v">16</subfield>
  </datafield>
  <datafield tag="490" ind1="1" ind2=" ">
    <subfield code="a">DACH-Schriftenreihe</subfield>
    <subfield code="v">9</subfield>
  </datafield>
  <datafield tag="591" ind1=" " ind2=" ">
    <subfield code="a">720 ff. bvb ; IMD-Felder und 1131 maschinell ergänzt (SWB)</subfield>
  </datafield>
  <datafield tag="655" ind1=" " ind2="7">
    <subfield code="a">Konferenzschrift</subfield>
    <subfield code="y">1997</subfield>
    <subfield code="z">Ragaz</subfield>
    <subfield code="0">(DE-588)1071861417</subfield>
    <subfield code="0">(DE-627)826484824</subfield>
    <subfield code="0">(DE-576)433375485</subfield>
    <subfield code="2">gnd-content</subfield>
  </datafield>
  <datafield tag="689" ind1="0" ind2="0">
    <subfield code="D">g</subfield>
    <subfield code="0">(DE-588)4039677-0</subfield>
    <subfield code="0">(DE-627)104270578</subfield>
    <subfield code="0">(DE-576)209036133</subfield>
    <subfield code="a">Mitteleuropa</subfield>
    <subfield code="2">gnd</subfield>
  </datafield>
  <datafield tag="689" ind1="0" ind2="1">
    <subfield code="D">s</subfield>
    <subfield code="0">(DE-588)4078612-2</subfield>
    <subfield code="0">(DE-627)106076884</subfield>
    <subfield code="0">(DE-576)209209321</subfield>
    <subfield code="a">Unternehmenssanierung</subfield>
    <subfield code="2">gnd</subfield>
  </datafield>
  <datafield tag="689" ind1="0" ind2="2">
    <subfield code="D">s</subfield>
    <subfield code="0">(DE-588)4048737-4</subfield>
    <subfield code="0">(DE-627)106189719</subfield>
    <subfield code="0">(DE-576)20907907X</subfield>
    <subfield code="a">Recht</subfield>
    <subfield code="2">gnd</subfield>
  </datafield>
  <datafield tag="689" ind1="0" ind2=" ">
    <subfield code="5">DE-101</subfield>
  </datafield>
  <datafield tag="700" ind1="1" ind2=" ">
    <subfield code="a">Bauer, Joachim</subfield>
    <subfield code="d">1958-</subfield>
    <subfield code="0">(DE-588)133430294</subfield>
    <subfield code="0">(DE-627)546053130</subfield>
    <subfield code="0">(DE-576)29984322X</subfield>
  </datafield>
  <datafield tag="810" ind1="2" ind2=" ">
    <subfield code="a">DACH Europäische Anwaltsvereinigung</subfield>
    <subfield code="t">... Tagung</subfield>
    <subfield code="v">16</subfield>
    <subfield code="9">16</subfield>
    <subfield code="w">(DE-627)1123969639</subfield>
    <subfield code="w">(DE-576)053969634</subfield>
  </datafield>
  <datafield tag="810" ind1="2" ind2=" ">
    <subfield code="a">DACH Europäische Anwaltsvereinigung</subfield>
    <subfield code="9">9</subfield>
    <subfield code="t">DACH-Schriftenreihe</subfield>
    <subfield code="v">9</subfield>
    <subfield code="w">(DE-627)320584526</subfield>
    <subfield code="w">(DE-576)047719222</subfield>
    <subfield code="w">(DE-600)2018083-4</subfield>
  </datafield>
  <datafield tag="924" ind1="0" ind2=" ">
    <subfield code="a">2930380071</subfield>
    <subfield code="b">DE-180</subfield>
    <subfield code="9">180</subfield>
    <subfield code="c">BSZ</subfield>
    <subfield code="d">c</subfield>
    <subfield code="g">2012 BA 1004</subfield>
    <subfield code="h">MAG03</subfield>
  </datafield>
  <datafield tag="936" ind1="r" ind2="v">
    <subfield code="a">QP 760</subfield>
    <subfield code="b">Sonderfälle der Finanzierung. Insolvenzen</subfield>
    <subfield code="k">Wirtschaftswissenschaften</subfield>
    <subfield code="k">Allgemeine Betriebswirtschaftslehre</subfield>
    <subfield code="k">Aufbauelemente des Unternehmens</subfield>
    <subfield code="k">Investition und Finanzierung</subfield>
    <subfield code="k">Kapitalbeschaffung (Finanzierung i. e. S.)</subfield>
    <subfield code="k">Sonderfälle der Finanzierung. Insolvenzen</subfield>
    <subfield code="0">1271068613</subfield>
    <subfield code="0">(DE-627)1271068613</subfield>
    <subfield code="0">(DE-576)201068613</subfield>
    <subfield code="0">(DE-625)141936:</subfield>
  </datafield>
<datafield tag="690" ind1="H" ind2="D">
            <subfield code="8">WB</subfield>
            <subfield code="a">179 Uebrige Literatur : 179 Oeffentliches Recht</subfield>
            <subfield code="2">HSG-IFF</subfield>
        </datafield></record>