<record xmlns="http://www.loc.gov/MARC21/slim">
  <leader>01852cam a2200421   4500</leader>
  <controlfield tag="001">(DE-627)255480539</controlfield>
  <controlfield tag="003">DE-627</controlfield>
  <controlfield tag="005">20180717195118.0</controlfield>
  <controlfield tag="007">tu</controlfield>
  <controlfield tag="008">870121s1986    xx |||||      00| ||eng c</controlfield>
  <datafield tag="020" ind1=" " ind2=" ">
    <subfield code="a">0394352130</subfield>
  </datafield>
  <datafield tag="035" ind1=" " ind2=" ">
    <subfield code="a">(DE-627)255480539</subfield>
  </datafield>
  <datafield tag="035" ind1=" " ind2=" ">
    <subfield code="a">(DE-576)012460567</subfield>
  </datafield>
  <datafield tag="035" ind1=" " ind2=" ">
    <subfield code="a">(DE-599)GBV255480539</subfield>
  </datafield>
  <datafield tag="035" ind1=" " ind2=" ">
    <subfield code="a">(OCoLC)12663356</subfield>
  </datafield>
  <datafield tag="040" ind1=" " ind2=" ">
    <subfield code="a">DE-627</subfield>
    <subfield code="b">ger</subfield>
    <subfield code="c">DE-627</subfield>
    <subfield code="e">rakwb</subfield>
  </datafield>
  <datafield tag="041" ind1=" " ind2=" ">
    <subfield code="a">eng</subfield>
  </datafield>
  <datafield tag="044" ind1=" " ind2=" ">
    <subfield code="c">XD-US</subfield>
  </datafield>
  <datafield tag="082" ind1="0" ind2=" ">
    <subfield code="a">350.007/5</subfield>
  </datafield>
  <datafield tag="084" ind1=" " ind2=" ">
    <subfield code="a">QG 620</subfield>
    <subfield code="2">rvk</subfield>
  </datafield>
  <datafield tag="100" ind1="1" ind2=" ">
    <subfield code="a">Downs, George W.</subfield>
    <subfield code="d">1946-2015</subfield>
    <subfield code="0">(DE-588)170399486</subfield>
    <subfield code="0">(DE-627)060483903</subfield>
    <subfield code="0">(DE-576)160776716</subfield>
  </datafield>
  <datafield tag="245" ind1="1" ind2="4">
    <subfield code="a">The search for government efficiency</subfield>
    <subfield code="b">from hubris to helplessness</subfield>
    <subfield code="c">George W. Downs; Patrick D. Larkey</subfield>
  </datafield>
  <datafield tag="250" ind1=" " ind2=" ">
    <subfield code="a">1. ed.</subfield>
  </datafield>
  <datafield tag="264" ind1=" " ind2="1">
    <subfield code="a">New York</subfield>
    <subfield code="b">Random House</subfield>
    <subfield code="c">1986</subfield>
  </datafield>
  <datafield tag="300" ind1=" " ind2=" ">
    <subfield code="a">VIII, 273 S.</subfield>
    <subfield code="b">graph. Darst.</subfield>
  </datafield>
  <datafield tag="336" ind1=" " ind2=" ">
    <subfield code="a">Text</subfield>
    <subfield code="b">txt</subfield>
    <subfield code="2">rdacontent</subfield>
  </datafield>
  <datafield tag="337" ind1=" " ind2=" ">
    <subfield code="a">ohne Hilfsmittel zu benutzen</subfield>
    <subfield code="b">n</subfield>
    <subfield code="2">rdamedia</subfield>
  </datafield>
  <datafield tag="338" ind1=" " ind2=" ">
    <subfield code="a">Band</subfield>
    <subfield code="b">nc</subfield>
    <subfield code="2">rdacarrier</subfield>
  </datafield>
  <datafield tag="591" ind1=" " ind2=" ">
    <subfield code="a">5090 maschinell aus ähnlichen Titelaufnahmen ergänzt ; IMD-Felder und 1131 maschinell ergänzt (SWB)</subfield>
  </datafield>
  <datafield tag="650" ind1=" " ind2="7">
    <subfield code="8">1.1\x</subfield>
    <subfield code="a">Bürokratie</subfield>
    <subfield code="0">(DE-627)09135322X</subfield>
    <subfield code="0">(DE-STW)11154-4</subfield>
    <subfield code="2">stw</subfield>
  </datafield>
  <datafield tag="650" ind1=" " ind2="7">
    <subfield code="8">1.2\x</subfield>
    <subfield code="a">Effizienz</subfield>
    <subfield code="0">(DE-627)091400821</subfield>
    <subfield code="0">(DE-STW)11039-4</subfield>
    <subfield code="2">stw</subfield>
  </datafield>
  <datafield tag="650" ind1=" " ind2="7">
    <subfield code="8">1.3\x</subfield>
    <subfield code="a">Management</subfield>
    <subfield code="0">(DE-627)091376173</subfield>
    <subfield code="0">(DE-STW)12085-6</subfield>
    <subfield code="2">stw</subfield>
  </datafield>
  <datafield tag="650" ind1=" " ind2="7">
    <subfield code="8">1.4\x</subfield>
    <subfield code="a">USA</subfield>
    <subfield code="0">(DE-627)091396867</subfield>
    <subfield code="0">(DE-STW)17829-1</subfield>
    <subfield code="2">stw</subfield>
  </datafield>
  <datafield tag="700" ind1="1" ind2=" ">
    <subfield code="a">Larkey, Patrick D.</subfield>
    <subfield code="4">aut</subfield>
  </datafield>
  <datafield tag="924" ind1="1" ind2=" ">
    <subfield code="a">323888569</subfield>
    <subfield code="b">DE-206</subfield>
    <subfield code="c">GBV</subfield>
    <subfield code="d">L</subfield>
    <subfield code="g">B 222654</subfield>
    <subfield code="i">K:</subfield>
  </datafield>
  <datafield tag="924" ind1="1" ind2=" ">
    <subfield code="a">3251342770</subfield>
    <subfield code="b">DE-352</subfield>
    <subfield code="9">352</subfield>
    <subfield code="c">BSZ</subfield>
    <subfield code="d">c</subfield>
    <subfield code="g">gsx 651.10:np/d69</subfield>
  </datafield>
  <datafield tag="935" ind1=" " ind2=" ">
    <subfield code="i">Blocktest</subfield>
  </datafield>
  <datafield tag="936" ind1="r" ind2="v">
    <subfield code="a">QG 620</subfield>
    <subfield code="b">USA</subfield>
    <subfield code="k">Wirtschaftswissenschaften</subfield>
    <subfield code="k">Wirtschaftskunde und Allgemeines. Länderstatistisches und regionalstatistisches Material. Wirtschaftspolitik (einschließlich Stellungnahmen dazu) in einzelnen Ländern</subfield>
    <subfield code="k">Amerika</subfield>
    <subfield code="k">USA</subfield>
    <subfield code="0">1271068257</subfield>
    <subfield code="0">(DE-627)1271068257</subfield>
    <subfield code="0">(DE-576)201068257</subfield>
    <subfield code="0">(DE-625)rvk/141509:</subfield>
  </datafield>
<datafield tag="690" ind1="H" ind2="D">
            <subfield code="8">YQ</subfield>
            <subfield code="a">Wirtschaftswissenschaften : Spezielle Betriebswirtschaftslehren</subfield>
            <subfield code="2">HSG-IFF</subfield>
        </datafield></record>