<record xmlns="http://www.loc.gov/MARC21/slim">
  <leader>02528cam a2200637   4500</leader>
  <controlfield tag="001">(DE-627)336258542</controlfield>
  <controlfield tag="003">DE-627</controlfield>
  <controlfield tag="005">20190226183532.0</controlfield>
  <controlfield tag="007">tu</controlfield>
  <controlfield tag="008">011108s2000    xx |||||      00| ||ger c</controlfield>
  <datafield tag="020" ind1=" " ind2=" ">
    <subfield code="a">3406448585</subfield>
    <subfield code="c">alk. paper</subfield>
  </datafield>
  <datafield tag="035" ind1=" " ind2=" ">
    <subfield code="a">(DE-627)336258542</subfield>
  </datafield>
  <datafield tag="035" ind1=" " ind2=" ">
    <subfield code="a">(DE-599)GBV336258542</subfield>
  </datafield>
  <datafield tag="035" ind1=" " ind2=" ">
    <subfield code="a">(OCoLC)264582790</subfield>
  </datafield>
  <datafield tag="035" ind1=" " ind2=" ">
    <subfield code="a">(DE-604)BV012634563</subfield>
  </datafield>
  <datafield tag="040" ind1=" " ind2=" ">
    <subfield code="a">DE-627</subfield>
    <subfield code="b">ger</subfield>
    <subfield code="c">DE-627</subfield>
    <subfield code="e">rakwb</subfield>
  </datafield>
  <datafield tag="041" ind1=" " ind2=" ">
    <subfield code="a">ger</subfield>
  </datafield>
  <datafield tag="044" ind1=" " ind2=" ">
    <subfield code="c">XA-DE</subfield>
  </datafield>
  <datafield tag="050" ind1=" " ind2="0">
    <subfield code="a">KK7237.A311994</subfield>
  </datafield>
  <datafield tag="082" ind1="0" ind2=" ">
    <subfield code="a">343.4305/267</subfield>
  </datafield>
  <datafield tag="084" ind1=" " ind2=" ">
    <subfield code="a">R 613,2</subfield>
    <subfield code="2">sfb</subfield>
  </datafield>
  <datafield tag="084" ind1=" " ind2=" ">
    <subfield code="a">PP 3070</subfield>
    <subfield code="2">rvk</subfield>
  </datafield>
  <datafield tag="084" ind1=" " ind2=" ">
    <subfield code="a">PP 3073</subfield>
    <subfield code="2">rvk</subfield>
  </datafield>
  <datafield tag="084" ind1=" " ind2=" ">
    <subfield code="a">QL 820</subfield>
    <subfield code="2">rvk</subfield>
  </datafield>
  <datafield tag="245" ind1="1" ind2="0">
    <subfield code="a">Umwandlungssteuergesetz</subfield>
    <subfield code="b">Kommentar</subfield>
    <subfield code="c">herausgegeben von Detlef Haritz, Manfred Benkert; bearbeitet von Detlef Haritz ... [et al.]</subfield>
  </datafield>
  <datafield tag="250" ind1=" " ind2=" ">
    <subfield code="a">2. völlig neubearbeitete Aufl</subfield>
  </datafield>
  <datafield tag="264" ind1=" " ind2="1">
    <subfield code="a">München</subfield>
    <subfield code="b">Beck</subfield>
    <subfield code="c">2000</subfield>
  </datafield>
  <datafield tag="300" ind1=" " ind2=" ">
    <subfield code="a">xxiii, 1014 p</subfield>
    <subfield code="c">23 cm</subfield>
  </datafield>
  <datafield tag="336" ind1=" " ind2=" ">
    <subfield code="a">Text</subfield>
    <subfield code="b">txt</subfield>
    <subfield code="2">rdacontent</subfield>
  </datafield>
  <datafield tag="337" ind1=" " ind2=" ">
    <subfield code="a">ohne Hilfsmittel zu benutzen</subfield>
    <subfield code="b">n</subfield>
    <subfield code="2">rdamedia</subfield>
  </datafield>
  <datafield tag="338" ind1=" " ind2=" ">
    <subfield code="a">Band</subfield>
    <subfield code="b">nc</subfield>
    <subfield code="2">rdacarrier</subfield>
  </datafield>
  <datafield tag="490" ind1="1" ind2=" ">
    <subfield code="a">Beck'sche Steuerkommentare</subfield>
  </datafield>
  <datafield tag="500" ind1=" " ind2=" ">
    <subfield code="a">Nachtrag" (30 p.) laid in.</subfield>
  </datafield>
  <datafield tag="500" ind1=" " ind2=" ">
    <subfield code="a">Includes bibliographical references (p. xi-xxiii) and index.</subfield>
  </datafield>
  <datafield tag="501" ind1=" " ind2=" ">
    <subfield code="a">Literaturverz. S. XI - [XXIV]</subfield>
  </datafield>
  <datafield tag="630" ind1="0" ind2="4">
    <subfield code="a">Umwandlungssteuergesetz</subfield>
  </datafield>
  <datafield tag="651" ind1=" " ind2="7">
    <subfield code="0">(DE-588)4011882-4</subfield>
    <subfield code="0">(DE-627)104704861</subfield>
    <subfield code="0">(DE-576)208896155</subfield>
    <subfield code="a">Deutschland</subfield>
    <subfield code="2">gnd</subfield>
  </datafield>
  <datafield tag="653" ind1=" " ind2="0">
    <subfield code="a">Corporate reorganizations</subfield>
    <subfield code="x">Taxation</subfield>
    <subfield code="x">Germany</subfield>
  </datafield>
  <datafield tag="655" ind1=" " ind2="7">
    <subfield code="a">Kommentar</subfield>
    <subfield code="0">(DE-588)4136710-8</subfield>
    <subfield code="0">(DE-627)104500719</subfield>
    <subfield code="0">(DE-576)209671467</subfield>
    <subfield code="2">gnd-content</subfield>
  </datafield>
  <datafield tag="689" ind1="0" ind2="0">
    <subfield code="D">u</subfield>
    <subfield code="0">(DE-588)4186794-4</subfield>
    <subfield code="0">(DE-627)105276863</subfield>
    <subfield code="0">(DE-576)21004151X</subfield>
    <subfield code="a">Deutschland</subfield>
    <subfield code="t">Umwandlungssteuergesetz</subfield>
    <subfield code="2">gnd</subfield>
  </datafield>
  <datafield tag="689" ind1="0" ind2="1">
    <subfield code="D">s</subfield>
    <subfield code="0">(DE-588)4136710-8</subfield>
    <subfield code="0">(DE-627)104500719</subfield>
    <subfield code="0">(DE-576)209671467</subfield>
    <subfield code="a">Kommentar</subfield>
    <subfield code="2">gnd</subfield>
  </datafield>
  <datafield tag="689" ind1="0" ind2=" ">
    <subfield code="5">DE-101</subfield>
  </datafield>
  <datafield tag="689" ind1="1" ind2="0">
    <subfield code="D">u</subfield>
    <subfield code="0">(DE-588)4186794-4</subfield>
    <subfield code="0">(DE-627)105276863</subfield>
    <subfield code="0">(DE-576)21004151X</subfield>
    <subfield code="a">Deutschland</subfield>
    <subfield code="t">Umwandlungssteuergesetz</subfield>
    <subfield code="2">gnd</subfield>
  </datafield>
  <datafield tag="689" ind1="1" ind2="1">
    <subfield code="D">s</subfield>
    <subfield code="0">(DE-588)4136710-8</subfield>
    <subfield code="0">(DE-627)104500719</subfield>
    <subfield code="0">(DE-576)209671467</subfield>
    <subfield code="a">Kommentar</subfield>
    <subfield code="2">gnd</subfield>
  </datafield>
  <datafield tag="689" ind1="1" ind2=" ">
    <subfield code="5">DE-576</subfield>
  </datafield>
  <datafield tag="700" ind1="1" ind2=" ">
    <subfield code="a">Haritz, Detlef</subfield>
    <subfield code="d">1949-</subfield>
  </datafield>
  <datafield tag="700" ind1="1" ind2=" ">
    <subfield code="a">Benkert, Manfred</subfield>
    <subfield code="d">1942-</subfield>
  </datafield>
  <datafield tag="710" ind1="2" ind2=" ">
    <subfield code="a">@Germany</subfield>
  </datafield>
  <datafield tag="856" ind1="4" ind2="2">
    <subfield code="u">http://www.gbv.de/dms/hebis-mainz/toc/089914007.pdf</subfield>
    <subfield code="m">DE-603</subfield>
    <subfield code="n">DE-77</subfield>
    <subfield code="q">pdf/application</subfield>
    <subfield code="y">Inhaltsverzeichnis</subfield>
    <subfield code="3">04</subfield>
  </datafield>
  <datafield tag="924" ind1="1" ind2=" ">
    <subfield code="a">1118028503</subfield>
    <subfield code="b">DE-18</subfield>
    <subfield code="c">GBV</subfield>
    <subfield code="d">N</subfield>
    <subfield code="g">DEU 4.2.2.7.-3-</subfield>
    <subfield code="i">18/261-iifs</subfield>
  </datafield>
  <datafield tag="924" ind1="1" ind2=" ">
    <subfield code="a">78632371X</subfield>
    <subfield code="b">DE-715</subfield>
    <subfield code="c">GBV</subfield>
    <subfield code="d">L</subfield>
    <subfield code="g">jur 328.5 umw CG 5708,2</subfield>
  </datafield>
  <datafield tag="924" ind1="1" ind2=" ">
    <subfield code="a">793890152</subfield>
    <subfield code="b">DE-517</subfield>
    <subfield code="c">GBV</subfield>
    <subfield code="i">3001</subfield>
    <subfield code="g">PP 6443 UMW</subfield>
    <subfield code="d">L</subfield>
  </datafield>
  <datafield tag="924" ind1="1" ind2=" ">
    <subfield code="a">793890160</subfield>
    <subfield code="b">DE-517</subfield>
    <subfield code="c">GBV</subfield>
    <subfield code="d">L</subfield>
    <subfield code="g">PP 6443 UMW</subfield>
    <subfield code="i">3001</subfield>
  </datafield>
  <datafield tag="936" ind1="r" ind2="v">
    <subfield code="a">PP 3070</subfield>
  </datafield>
  <datafield tag="936" ind1="r" ind2="v">
    <subfield code="a">PP 3073</subfield>
  </datafield>
  <datafield tag="936" ind1="r" ind2="v">
    <subfield code="a">QL 820</subfield>
  </datafield>
<datafield tag="690" ind1="H" ind2="D">
            <subfield code="8">KB</subfield>
            <subfield code="a">Ausländisches Steuerrecht : Deutschland</subfield>
            <subfield code="2">HSG-IFF</subfield>
        </datafield></record>