<record xmlns="http://www.loc.gov/MARC21/slim">
  <leader>05046cam a2200757   4500</leader>
  <controlfield tag="001">(DE-627)1603611959</controlfield>
  <controlfield tag="003">DE-627</controlfield>
  <controlfield tag="005">20181201103023.0</controlfield>
  <controlfield tag="007">tu</controlfield>
  <controlfield tag="008">911210s1991    xx |||||      00| ||eng c</controlfield>
  <datafield tag="020" ind1=" " ind2=" ">
    <subfield code="a">9264135758</subfield>
  </datafield>
  <datafield tag="035" ind1=" " ind2=" ">
    <subfield code="a">(DE-627)1603611959</subfield>
  </datafield>
  <datafield tag="035" ind1=" " ind2=" ">
    <subfield code="a">(DE-576)026648083</subfield>
  </datafield>
  <datafield tag="035" ind1=" " ind2=" ">
    <subfield code="a">(DE-599)BSZ026648083</subfield>
  </datafield>
  <datafield tag="035" ind1=" " ind2=" ">
    <subfield code="a">(OCoLC)311663469</subfield>
  </datafield>
  <datafield tag="035" ind1=" " ind2=" ">
    <subfield code="a">(OCoLC)246567475</subfield>
  </datafield>
  <datafield tag="035" ind1=" " ind2=" ">
    <subfield code="a">(DE-604)8054608651</subfield>
  </datafield>
  <datafield tag="035" ind1=" " ind2=" ">
    <subfield code="a">(DE-615)00805838</subfield>
  </datafield>
  <datafield tag="040" ind1=" " ind2=" ">
    <subfield code="a">DE-627</subfield>
    <subfield code="b">ger</subfield>
    <subfield code="c">DE-627</subfield>
    <subfield code="e">rakwb</subfield>
  </datafield>
  <datafield tag="041" ind1=" " ind2=" ">
    <subfield code="a">eng</subfield>
  </datafield>
  <datafield tag="084" ind1=" " ind2=" ">
    <subfield code="a">QL 450</subfield>
    <subfield code="2">rvk</subfield>
  </datafield>
  <datafield tag="084" ind1=" " ind2=" ">
    <subfield code="a">QL 400</subfield>
    <subfield code="2">rvk</subfield>
  </datafield>
  <datafield tag="084" ind1=" " ind2=" ">
    <subfield code="a">QL 470</subfield>
    <subfield code="2">rvk</subfield>
  </datafield>
  <datafield tag="084" ind1=" " ind2=" ">
    <subfield code="a">SH10</subfield>
    <subfield code="2">FIV</subfield>
  </datafield>
  <datafield tag="084" ind1=" " ind2=" ">
    <subfield code="a">RA02.02</subfield>
    <subfield code="2">FIV</subfield>
  </datafield>
  <datafield tag="245" ind1="1" ind2="4">
    <subfield code="a">The role of tax reform in Central and Eastern European economies</subfield>
    <subfield code="c">[CCEET, Centre for Co-operation with European Economies in Transition]</subfield>
  </datafield>
  <datafield tag="264" ind1=" " ind2="1">
    <subfield code="a">Paris</subfield>
    <subfield code="b">OECD</subfield>
    <subfield code="c">1991</subfield>
  </datafield>
  <datafield tag="300" ind1=" " ind2=" ">
    <subfield code="a">458 S.</subfield>
    <subfield code="b">graph. Darst.</subfield>
  </datafield>
  <datafield tag="336" ind1=" " ind2=" ">
    <subfield code="a">Text</subfield>
    <subfield code="b">txt</subfield>
    <subfield code="2">rdacontent</subfield>
  </datafield>
  <datafield tag="337" ind1=" " ind2=" ">
    <subfield code="a">ohne Hilfsmittel zu benutzen</subfield>
    <subfield code="b">n</subfield>
    <subfield code="2">rdamedia</subfield>
  </datafield>
  <datafield tag="338" ind1=" " ind2=" ">
    <subfield code="a">Band</subfield>
    <subfield code="b">nc</subfield>
    <subfield code="2">rdacarrier</subfield>
  </datafield>
  <datafield tag="490" ind1="1" ind2=" ">
    <subfield code="a">OECD publications</subfield>
    <subfield code="v">45621</subfield>
  </datafield>
  <datafield tag="591" ind1=" " ind2=" ">
    <subfield code="a">S1LB/SSZ ; 720 ff. bvb ; IMD-Felder und 1131 maschinell ergänzt (SWB)</subfield>
  </datafield>
  <datafield tag="650" ind1=" " ind2="4">
    <subfield code="a">Osteuropa (politisch)</subfield>
    <subfield code="x">Systemtransformation</subfield>
    <subfield code="x">Wirtschaftsreformen</subfield>
    <subfield code="x">Wirksamkeit wirtschaftspolitischer Maßnahmen</subfield>
    <subfield code="x">Status und Rolle</subfield>
    <subfield code="x">Steuerreform</subfield>
    <subfield code="x">Einkommensteuer</subfield>
    <subfield code="x">Ertragsteuer</subfield>
    <subfield code="x">Umsatzsteuer/Mehrwertsteuer</subfield>
    <subfield code="x">Internationaler Vergleich/Ländervergleich</subfield>
    <subfield code="x">Körperschaftsteuer</subfield>
  </datafield>
  <datafield tag="650" ind1=" " ind2="4">
    <subfield code="a">Steuerpolitik</subfield>
    <subfield code="x">Wirtschaftsförderung</subfield>
    <subfield code="x">Strukturelle Anpassung</subfield>
    <subfield code="x">Anreize</subfield>
    <subfield code="x">Steuersystem</subfield>
    <subfield code="x">Portugal</subfield>
    <subfield code="x">Polen</subfield>
    <subfield code="x">Japan</subfield>
    <subfield code="x">Steuerrecht</subfield>
    <subfield code="x">Effizienz/Effektivität</subfield>
    <subfield code="x">Verteilungspolitik</subfield>
    <subfield code="x">Tschechoslowakei</subfield>
    <subfield code="x">Vereinigte Staaten</subfield>
    <subfield code="x">Sowjetunion</subfield>
    <subfield code="x">Jugoslawien (bis 1991/92)</subfield>
    <subfield code="x">Ungarn</subfield>
    <subfield code="x">Rumänien</subfield>
    <subfield code="x">Vereinigtes Königreich</subfield>
    <subfield code="x">Inflation</subfield>
    <subfield code="x">Direktinvestition</subfield>
    <subfield code="x">Joint Venture</subfield>
    <subfield code="x">Sozioökonomische Prozesse</subfield>
    <subfield code="x">Politische Faktoren</subfield>
    <subfield code="x">Wirtschaftspolitische Konzeption</subfield>
    <subfield code="x">Durchführung von Projekten</subfield>
    <subfield code="x">Frankreich</subfield>
    <subfield code="x">Bundesrepublik Deutschland (1949-1990)</subfield>
    <subfield code="x">Spanien</subfield>
  </datafield>
  <datafield tag="689" ind1="0" ind2="0">
    <subfield code="D">g</subfield>
    <subfield code="0">(DE-588)4039677-0</subfield>
    <subfield code="0">(DE-627)104270578</subfield>
    <subfield code="0">(DE-576)209036133</subfield>
    <subfield code="a">Mitteleuropa</subfield>
    <subfield code="2">gnd</subfield>
  </datafield>
  <datafield tag="689" ind1="0" ind2="1">
    <subfield code="D">s</subfield>
    <subfield code="0">(DE-588)4057455-6</subfield>
    <subfield code="0">(DE-627)104559411</subfield>
    <subfield code="0">(DE-576)209122064</subfield>
    <subfield code="a">Steuerreform</subfield>
    <subfield code="2">gnd</subfield>
  </datafield>
  <datafield tag="689" ind1="0" ind2=" ">
    <subfield code="5">DE-576</subfield>
  </datafield>
  <datafield tag="689" ind1="1" ind2="0">
    <subfield code="D">g</subfield>
    <subfield code="0">(DE-588)4075739-0</subfield>
    <subfield code="0">(DE-627)104174803</subfield>
    <subfield code="0">(DE-576)209199261</subfield>
    <subfield code="a">Osteuropa</subfield>
    <subfield code="2">gnd</subfield>
  </datafield>
  <datafield tag="689" ind1="1" ind2="1">
    <subfield code="D">s</subfield>
    <subfield code="0">(DE-588)4057455-6</subfield>
    <subfield code="0">(DE-627)104559411</subfield>
    <subfield code="0">(DE-576)209122064</subfield>
    <subfield code="a">Steuerreform</subfield>
    <subfield code="2">gnd</subfield>
  </datafield>
  <datafield tag="689" ind1="1" ind2=" ">
    <subfield code="5">DE-576</subfield>
  </datafield>
  <datafield tag="710" ind1="2" ind2=" ">
    <subfield code="a">OECD</subfield>
    <subfield code="b">Centre for Co-operation with European Economies in Transition</subfield>
    <subfield code="0">(DE-588)5034554-0</subfield>
    <subfield code="0">(DE-627)103615024</subfield>
    <subfield code="0">(DE-576)193958368</subfield>
  </datafield>
  <datafield tag="776" ind1="0" ind2="8">
    <subfield code="i">Franz. Ausg. u.d.T.</subfield>
    <subfield code="a">Le rôle de la réforme fiscale dans les économies d'Europe Centrale et Orientale</subfield>
  </datafield>
  <datafield tag="810" ind1="2" ind2=" ">
    <subfield code="a">OECD</subfield>
    <subfield code="t">OECD publications</subfield>
    <subfield code="v">45621</subfield>
    <subfield code="9">45621</subfield>
    <subfield code="w">(DE-627)631147764</subfield>
    <subfield code="w">(DE-576)028982584</subfield>
    <subfield code="w">(DE-600)2562660-7</subfield>
  </datafield>
  <datafield tag="856" ind1="4" ind2="2">
    <subfield code="y">The role of tax reform in Central and Eastern European economies</subfield>
    <subfield code="u">http://digitale-objekte.hbz-nrw.de/webclient/DeliveryManager?pid=1309444&amp;custom_att_2=simple_viewer</subfield>
    <subfield code="3">Inhaltsverzeichnis</subfield>
  </datafield>
  <datafield tag="924" ind1="0" ind2=" ">
    <subfield code="a">3095719221</subfield>
    <subfield code="b">DE-21-19</subfield>
    <subfield code="9">21/19</subfield>
    <subfield code="c">BSZ</subfield>
    <subfield code="d">b</subfield>
    <subfield code="g">Fi IIId 328</subfield>
    <subfield code="9">p</subfield>
  </datafield>
  <datafield tag="924" ind1="0" ind2=" ">
    <subfield code="a">3095719337</subfield>
    <subfield code="b">DE-25</subfield>
    <subfield code="9">25</subfield>
    <subfield code="c">BSZ</subfield>
    <subfield code="d">c</subfield>
    <subfield code="g">TX 92/734</subfield>
  </datafield>
  <datafield tag="924" ind1="0" ind2=" ">
    <subfield code="a">3095719418</subfield>
    <subfield code="b">DE-25-10</subfield>
    <subfield code="9">25/10</subfield>
    <subfield code="c">BSZ</subfield>
    <subfield code="d">b</subfield>
    <subfield code="g">Frei 10: P5/1973</subfield>
    <subfield code="9">p</subfield>
  </datafield>
  <datafield tag="924" ind1="0" ind2=" ">
    <subfield code="a">3095719477</subfield>
    <subfield code="b">DE-291</subfield>
    <subfield code="9">291</subfield>
    <subfield code="c">BSZ</subfield>
    <subfield code="d">c</subfield>
    <subfield code="g">4 74-1331</subfield>
  </datafield>
  <datafield tag="924" ind1="0" ind2=" ">
    <subfield code="a">3095719566</subfield>
    <subfield code="b">DE-352</subfield>
    <subfield code="9">352</subfield>
    <subfield code="c">BSZ</subfield>
    <subfield code="d">c</subfield>
    <subfield code="g">wrj 430/r65</subfield>
  </datafield>
  <datafield tag="924" ind1="0" ind2=" ">
    <subfield code="a">3095719574</subfield>
    <subfield code="b">DE-352</subfield>
    <subfield code="9">352</subfield>
    <subfield code="c">BSZ</subfield>
    <subfield code="d">d</subfield>
    <subfield code="g">y 17631</subfield>
    <subfield code="9">s</subfield>
  </datafield>
  <datafield tag="924" ind1="0" ind2=" ">
    <subfield code="a">3095719663</subfield>
    <subfield code="b">DE-24</subfield>
    <subfield code="9">24</subfield>
    <subfield code="c">BSZ</subfield>
    <subfield code="d">c</subfield>
    <subfield code="g">42a/433</subfield>
  </datafield>
  <datafield tag="924" ind1="0" ind2=" ">
    <subfield code="a">3095719728</subfield>
    <subfield code="b">DE-180</subfield>
    <subfield code="9">180</subfield>
    <subfield code="c">BSZ</subfield>
    <subfield code="d">d</subfield>
    <subfield code="g">B 3.4.3/32</subfield>
    <subfield code="h">250</subfield>
  </datafield>
  <datafield tag="924" ind1="0" ind2=" ">
    <subfield code="a">3095719736</subfield>
    <subfield code="b">DE-180</subfield>
    <subfield code="9">180</subfield>
    <subfield code="c">BSZ</subfield>
    <subfield code="d">d</subfield>
    <subfield code="g">306 QL 450 R745</subfield>
    <subfield code="h">306</subfield>
  </datafield>
  <datafield tag="924" ind1="0" ind2=" ">
    <subfield code="a">3095719744</subfield>
    <subfield code="b">DE-180</subfield>
    <subfield code="9">180</subfield>
    <subfield code="c">BSZ</subfield>
    <subfield code="d">d</subfield>
    <subfield code="g">10,4/0801/2.Ex.</subfield>
    <subfield code="h">378</subfield>
  </datafield>
  <datafield tag="924" ind1="0" ind2=" ">
    <subfield code="a">3095719760</subfield>
    <subfield code="b">DE-180</subfield>
    <subfield code="9">180</subfield>
    <subfield code="c">BSZ</subfield>
    <subfield code="d">c</subfield>
    <subfield code="g">2007 BW 0623</subfield>
    <subfield code="h">T-MAG</subfield>
  </datafield>
  <datafield tag="924" ind1="0" ind2=" ">
    <subfield code="a">3095719876</subfield>
    <subfield code="b">DE-15</subfield>
    <subfield code="9">15</subfield>
    <subfield code="c">BSZ</subfield>
    <subfield code="d">c</subfield>
    <subfield code="g">B 2366</subfield>
  </datafield>
  <datafield tag="924" ind1="0" ind2=" ">
    <subfield code="a">3095719981</subfield>
    <subfield code="b">DE-16-160</subfield>
    <subfield code="9">16/160</subfield>
    <subfield code="c">BSZ</subfield>
    <subfield code="d">c</subfield>
    <subfield code="g">WS/QL 400 O28</subfield>
  </datafield>
  <datafield tag="924" ind1="0" ind2=" ">
    <subfield code="a">3095720092</subfield>
    <subfield code="b">DE-105</subfield>
    <subfield code="9">105</subfield>
    <subfield code="c">BSZ</subfield>
    <subfield code="d">c</subfield>
    <subfield code="g">93.5537 4.</subfield>
  </datafield>
  <datafield tag="924" ind1="0" ind2=" ">
    <subfield code="a">3095720149</subfield>
    <subfield code="b">DE-520</subfield>
    <subfield code="9">520</subfield>
    <subfield code="c">BSZ</subfield>
    <subfield code="d">c</subfield>
    <subfield code="g">QG 470-94 4403 01</subfield>
  </datafield>
  <datafield tag="924" ind1="0" ind2=" ">
    <subfield code="a">3095720327</subfield>
    <subfield code="b">DE-180-4-2</subfield>
    <subfield code="9">180/4,2</subfield>
    <subfield code="c">BSZ</subfield>
    <subfield code="d">b</subfield>
    <subfield code="g">E.K./Staat/120</subfield>
    <subfield code="9">p</subfield>
  </datafield>
  <datafield tag="924" ind1="0" ind2=" ">
    <subfield code="a">3095720394</subfield>
    <subfield code="b">DE-615</subfield>
    <subfield code="9">615</subfield>
    <subfield code="c">BSZ</subfield>
    <subfield code="d">b</subfield>
    <subfield code="9">p</subfield>
  </datafield>
  <datafield tag="924" ind1="0" ind2=" ">
    <subfield code="a">3095720408</subfield>
    <subfield code="b">DE-B1567</subfield>
    <subfield code="9">B 1567</subfield>
    <subfield code="c">BSZ</subfield>
    <subfield code="d">d</subfield>
    <subfield code="g">C. 02243</subfield>
    <subfield code="9">n</subfield>
  </datafield>
  <datafield tag="936" ind1="r" ind2="v">
    <subfield code="a">QL 450</subfield>
    <subfield code="b">Ost- und Südosteuropa</subfield>
    <subfield code="k">Wirtschaftswissenschaften</subfield>
    <subfield code="k">Finanzwissenschaft. Betriebswirtschaftliche Steuerlehre</subfield>
    <subfield code="k">Allgemeine Steuerlehre, Steuersystem einzelner Länder</subfield>
    <subfield code="k">Steuersystem und Steuerpolitik in einzelnen Ländern</subfield>
    <subfield code="k">Europa</subfield>
    <subfield code="k">Ost- und Südosteuropa</subfield>
    <subfield code="0">1271719851</subfield>
    <subfield code="0">(DE-627)1271719851</subfield>
    <subfield code="0">(DE-576)201719851</subfield>
    <subfield code="0">(DE-625)141727:</subfield>
  </datafield>
  <datafield tag="936" ind1="r" ind2="v">
    <subfield code="a">QL 400</subfield>
    <subfield code="b">Allgemeines (auch Ökologische Steuerreform)</subfield>
    <subfield code="k">Wirtschaftswissenschaften</subfield>
    <subfield code="k">Finanzwissenschaft. Betriebswirtschaftliche Steuerlehre</subfield>
    <subfield code="k">Allgemeine Steuerlehre, Steuersystem einzelner Länder</subfield>
    <subfield code="k">Allgemeines (auch Ökologische Steuerreform)</subfield>
    <subfield code="0">1270805207</subfield>
    <subfield code="0">(DE-627)1270805207</subfield>
    <subfield code="0">(DE-576)200805207</subfield>
    <subfield code="0">(DE-625)141714:</subfield>
  </datafield>
  <datafield tag="936" ind1="r" ind2="v">
    <subfield code="a">QL 470</subfield>
    <subfield code="b">Sonstige</subfield>
    <subfield code="k">Wirtschaftswissenschaften</subfield>
    <subfield code="k">Finanzwissenschaft. Betriebswirtschaftliche Steuerlehre</subfield>
    <subfield code="k">Allgemeine Steuerlehre, Steuersystem einzelner Länder</subfield>
    <subfield code="k">Steuersystem und Steuerpolitik in einzelnen Ländern</subfield>
    <subfield code="k">Sonstige</subfield>
    <subfield code="0">1271587440</subfield>
    <subfield code="0">(DE-627)1271587440</subfield>
    <subfield code="0">(DE-576)201587440</subfield>
    <subfield code="0">(DE-625)141729:</subfield>
  </datafield>
<datafield tag="690" ind1="H" ind2="D">
            <subfield code="8">YL7</subfield>
            <subfield code="a">Wirtschaftswissenschaften : Finanzwissenschaft. Betriebswirtschaftliche Steuerlehre : Finanzpolitik. Fiscal Policy. Finanzwirtschaft und Finanzpolitik einzelner Länder</subfield>
            <subfield code="2">HSG-IFF</subfield>
        </datafield><datafield tag="690" ind1="H" ind2="D">
            <subfield code="8">YL8</subfield>
            <subfield code="a">Wirtschaftswissenschaften : Finanzwissenschaft. Betriebswirtschaftliche Steuerlehre : Allgemeine Steuerlehre, Steuersystem einzelner Länder</subfield>
            <subfield code="2">HSG-IFF</subfield>
            </datafield><datafield tag="690" ind1="H" ind2="D">
            <subfield code="8">YL9</subfield>
            <subfield code="a">Wirtschaftswissenschaften : Finanzwissenschaft. Betriebswirtschaftliche Steuerlehre : Betriebswirtschaftliche Steuerlehre</subfield>
            <subfield code="2">HSG-IFF</subfield>
            </datafield></record>