<record xmlns="http://www.loc.gov/MARC21/slim">
  <leader>01016cam a22002892  4500</leader>
  <controlfield tag="001">(DE-627)274229560</controlfield>
  <controlfield tag="003">DE-627</controlfield>
  <controlfield tag="005">20180317192047.0</controlfield>
  <controlfield tag="007">tu</controlfield>
  <controlfield tag="008">990101s1987    xx |||||      00| ||und c</controlfield>
  <datafield tag="020" ind1=" " ind2=" ">
    <subfield code="a">3856210474</subfield>
  </datafield>
  <datafield tag="035" ind1=" " ind2=" ">
    <subfield code="a">(DE-627)274229560</subfield>
  </datafield>
  <datafield tag="035" ind1=" " ind2=" ">
    <subfield code="a">(DE-599)GBV274229560</subfield>
  </datafield>
  <datafield tag="035" ind1=" " ind2=" ">
    <subfield code="a">(OCoLC)74999532</subfield>
  </datafield>
  <datafield tag="040" ind1=" " ind2=" ">
    <subfield code="a">DE-627</subfield>
    <subfield code="b">ger</subfield>
    <subfield code="c">DE-627</subfield>
    <subfield code="e">rakwb</subfield>
  </datafield>
  <datafield tag="100" ind1="1" ind2=" ">
    <subfield code="a">Weidmann, Heinz</subfield>
  </datafield>
  <datafield tag="245" ind1="1" ind2="0">
    <subfield code="a">Wegweiser durch das st. gallische Steuerrecht</subfield>
    <subfield code="b">Einf., systemat. Erl., Gesetz u. Verordnung, Sachreg.</subfield>
    <subfield code="c">Weidmann; Grossmann; Zigerlig</subfield>
  </datafield>
  <datafield tag="250" ind1=" " ind2=" ">
    <subfield code="a">4., vollständig überarb. u. erw. Aufl</subfield>
  </datafield>
  <datafield tag="264" ind1=" " ind2="1">
    <subfield code="a">Muri/Bern</subfield>
    <subfield code="b">Cosmos-Verl.</subfield>
    <subfield code="c">1987</subfield>
  </datafield>
  <datafield tag="300" ind1=" " ind2=" ">
    <subfield code="a">XIX, 428 S</subfield>
    <subfield code="b">graph. Darst</subfield>
  </datafield>
  <datafield tag="336" ind1=" " ind2=" ">
    <subfield code="a">Text</subfield>
    <subfield code="b">txt</subfield>
    <subfield code="2">rdacontent</subfield>
  </datafield>
  <datafield tag="337" ind1=" " ind2=" ">
    <subfield code="a">ohne Hilfsmittel zu benutzen</subfield>
    <subfield code="b">n</subfield>
    <subfield code="2">rdamedia</subfield>
  </datafield>
  <datafield tag="338" ind1=" " ind2=" ">
    <subfield code="a">Band</subfield>
    <subfield code="b">nc</subfield>
    <subfield code="2">rdacarrier</subfield>
  </datafield>
  <datafield tag="700" ind1="1" ind2=" ">
    <subfield code="a">Grossmann, Benno</subfield>
    <subfield code="4">aut</subfield>
  </datafield>
  <datafield tag="700" ind1="1" ind2=" ">
    <subfield code="a">Zigerlig, Rainer</subfield>
    <subfield code="4">aut</subfield>
  </datafield>
  <datafield tag="856" ind1="4" ind2="2">
    <subfield code="u">http://d-nb.info/880877227/04</subfield>
    <subfield code="n">DE-101</subfield>
    <subfield code="q">application/pdf</subfield>
    <subfield code="v">20130501</subfield>
    <subfield code="3">04</subfield>
  </datafield>
  <datafield tag="924" ind1="1" ind2=" ">
    <subfield code="a">021270899</subfield>
    <subfield code="b">DE-1a</subfield>
    <subfield code="c">GBV</subfield>
    <subfield code="d">L</subfield>
    <subfield code="g">1 A 1963</subfield>
    <subfield code="i">2</subfield>
  </datafield>
<datafield tag="690" ind1="H" ind2="D">
            <subfield code="8">JC</subfield>
            <subfield code="a">Allgemeine Steuerrechtsliteratur : Schweizerische Kommentare und Handbücher</subfield>
            <subfield code="2">HSG-IFF</subfield>
        </datafield></record>