<record xmlns="http://www.loc.gov/MARC21/slim">
  <leader>02108cam a2200481  c4500</leader>
  <controlfield tag="001">(DE-627)1112397973</controlfield>
  <controlfield tag="003">DE-627</controlfield>
  <controlfield tag="005">20180719130817.0</controlfield>
  <controlfield tag="007">tu</controlfield>
  <controlfield tag="008">941206s1970    xx |||||      00| ||ger c</controlfield>
  <datafield tag="020" ind1=" " ind2=" ">
    <subfield code="a">3406029957</subfield>
  </datafield>
  <datafield tag="035" ind1=" " ind2=" ">
    <subfield code="a">(DE-627)1112397973</subfield>
  </datafield>
  <datafield tag="035" ind1=" " ind2=" ">
    <subfield code="a">(DE-576)042397979</subfield>
  </datafield>
  <datafield tag="035" ind1=" " ind2=" ">
    <subfield code="a">(DE-599)BSZ042397979</subfield>
  </datafield>
  <datafield tag="035" ind1=" " ind2=" ">
    <subfield code="a">(OCoLC)61971718</subfield>
  </datafield>
  <datafield tag="040" ind1=" " ind2=" ">
    <subfield code="a">DE-627</subfield>
    <subfield code="b">ger</subfield>
    <subfield code="c">DE-627</subfield>
    <subfield code="e">rakwb</subfield>
  </datafield>
  <datafield tag="041" ind1=" " ind2=" ">
    <subfield code="a">ger</subfield>
  </datafield>
  <datafield tag="084" ind1=" " ind2=" ">
    <subfield code="a">PP 5383</subfield>
    <subfield code="2">rvk</subfield>
  </datafield>
  <datafield tag="100" ind1="1" ind2=" ">
    <subfield code="a">Weckerle, Willy</subfield>
  </datafield>
  <datafield tag="245" ind1="1" ind2="0">
    <subfield code="a">Vermögensteuergesetz</subfield>
    <subfield code="n">[Hauptbd.]</subfield>
    <subfield code="c">Willy Weckerle; Alfons Dürschke. [Hrsg.] Georg Dürschke</subfield>
  </datafield>
  <datafield tag="250" ind1=" " ind2=" ">
    <subfield code="a">4., neu bearb. Aufl.</subfield>
  </datafield>
  <datafield tag="264" ind1=" " ind2="1">
    <subfield code="a">München</subfield>
    <subfield code="b">Beck</subfield>
    <subfield code="c">1970</subfield>
  </datafield>
  <datafield tag="300" ind1=" " ind2=" ">
    <subfield code="a">XX, 1081 S.</subfield>
  </datafield>
  <datafield tag="336" ind1=" " ind2=" ">
    <subfield code="a">Text</subfield>
    <subfield code="b">txt</subfield>
    <subfield code="2">rdacontent</subfield>
  </datafield>
  <datafield tag="337" ind1=" " ind2=" ">
    <subfield code="a">ohne Hilfsmittel zu benutzen</subfield>
    <subfield code="b">n</subfield>
    <subfield code="2">rdamedia</subfield>
  </datafield>
  <datafield tag="338" ind1=" " ind2=" ">
    <subfield code="a">Band</subfield>
    <subfield code="b">nc</subfield>
    <subfield code="2">rdacarrier</subfield>
  </datafield>
  <datafield tag="591" ind1=" " ind2=" ">
    <subfield code="a">IMD-Felder und 1131 maschinell ergänzt (SWB)</subfield>
  </datafield>
  <datafield tag="700" ind1="1" ind2=" ">
    <subfield code="a">Dürschke, Alfons</subfield>
    <subfield code="4">aut</subfield>
  </datafield>
  <datafield tag="773" ind1="1" ind2="8">
    <subfield code="g">[Hauptbd.]</subfield>
    <subfield code="w">(DE-627)1072300028</subfield>
    <subfield code="w">(DE-576)002300028</subfield>
    <subfield code="q">1,4</subfield>
  </datafield>
  <datafield tag="924" ind1="0" ind2=" ">
    <subfield code="a">2244275248</subfield>
    <subfield code="b">DE-21-24</subfield>
    <subfield code="9">21/24</subfield>
    <subfield code="c">BSZ</subfield>
    <subfield code="d">b</subfield>
    <subfield code="g">Oe P,IIIbb,3*4</subfield>
    <subfield code="9">p</subfield>
  </datafield>
  <datafield tag="924" ind1="0" ind2=" ">
    <subfield code="a">2244275078</subfield>
    <subfield code="b">DE-25</subfield>
    <subfield code="9">25</subfield>
    <subfield code="c">BSZ</subfield>
    <subfield code="d">c</subfield>
    <subfield code="g">SW 70/1966</subfield>
  </datafield>
  <datafield tag="924" ind1="0" ind2=" ">
    <subfield code="a">2244275167</subfield>
    <subfield code="b">DE-291</subfield>
    <subfield code="9">291</subfield>
    <subfield code="c">BSZ</subfield>
    <subfield code="d">c</subfield>
    <subfield code="g">70-5386:Hauptbd.</subfield>
  </datafield>
  <datafield tag="924" ind1="0" ind2=" ">
    <subfield code="a">2244275183</subfield>
    <subfield code="b">DE-291-102</subfield>
    <subfield code="9">291/102</subfield>
    <subfield code="c">BSZ</subfield>
    <subfield code="d">b</subfield>
    <subfield code="g">LL 3-3-3:4</subfield>
    <subfield code="9">p</subfield>
  </datafield>
  <datafield tag="924" ind1="0" ind2=" ">
    <subfield code="a">2244275213</subfield>
    <subfield code="b">DE-291-114</subfield>
    <subfield code="9">291/114</subfield>
    <subfield code="c">BSZ</subfield>
    <subfield code="d">b</subfield>
    <subfield code="9">p</subfield>
  </datafield>
  <datafield tag="924" ind1="0" ind2=" ">
    <subfield code="a">2244275140</subfield>
    <subfield code="b">DE-352</subfield>
    <subfield code="9">352</subfield>
    <subfield code="c">BSZ</subfield>
    <subfield code="d">c</subfield>
  </datafield>
  <datafield tag="924" ind1="0" ind2=" ">
    <subfield code="a">3023515492</subfield>
    <subfield code="b">DE-180</subfield>
    <subfield code="9">180</subfield>
    <subfield code="c">BSZ</subfield>
    <subfield code="d">c</subfield>
    <subfield code="g">AB 4099-Hauptw.</subfield>
    <subfield code="h">COMP</subfield>
  </datafield>
  <datafield tag="924" ind1="0" ind2=" ">
    <subfield code="a">2244275086</subfield>
    <subfield code="b">DE-16-13</subfield>
    <subfield code="9">16/13</subfield>
    <subfield code="c">BSZ</subfield>
    <subfield code="d">c</subfield>
    <subfield code="g">JU/PP 5383 W387(4)</subfield>
  </datafield>
  <datafield tag="924" ind1="0" ind2=" ">
    <subfield code="a">2244275132</subfield>
    <subfield code="b">DE-31</subfield>
    <subfield code="9">31</subfield>
    <subfield code="c">BSZ</subfield>
    <subfield code="d">c</subfield>
    <subfield code="g">SA 2784,2</subfield>
  </datafield>
  <datafield tag="924" ind1="0" ind2=" ">
    <subfield code="a">2244275124</subfield>
    <subfield code="b">DE-Ka26</subfield>
    <subfield code="9">Ka 26</subfield>
    <subfield code="c">BSZ</subfield>
    <subfield code="d">c</subfield>
    <subfield code="g">FF 766-2,1(4)</subfield>
  </datafield>
  <datafield tag="924" ind1="0" ind2=" ">
    <subfield code="a">2244275108</subfield>
    <subfield code="b">DE-B208</subfield>
    <subfield code="9">B 208</subfield>
    <subfield code="c">BSZ</subfield>
    <subfield code="d">b</subfield>
    <subfield code="9">p</subfield>
  </datafield>
  <datafield tag="924" ind1="0" ind2=" ">
    <subfield code="a">2244275272</subfield>
    <subfield code="b">DE-122</subfield>
    <subfield code="9">122</subfield>
    <subfield code="c">BSZ</subfield>
    <subfield code="d">c</subfield>
    <subfield code="g">64 297</subfield>
  </datafield>
  <datafield tag="924" ind1="0" ind2=" ">
    <subfield code="a">2244275116</subfield>
    <subfield code="b">DE-208</subfield>
    <subfield code="9">208</subfield>
    <subfield code="c">BSZ</subfield>
    <subfield code="d">c</subfield>
    <subfield code="g">G 1743 (4)</subfield>
  </datafield>
  <datafield tag="936" ind1="r" ind2="v">
    <subfield code="a">PP 5383</subfield>
    <subfield code="b">Kommentare</subfield>
    <subfield code="k">Rechtswissenschaft</subfield>
    <subfield code="k">Finanz-, Steuer- und Zollrecht</subfield>
    <subfield code="k">Steuerrecht</subfield>
    <subfield code="k">Materielles Steuerrecht - Steuerarten</subfield>
    <subfield code="k">Bewertung und bewertungsabhängige Steuern, Steuern vom Vermögen</subfield>
    <subfield code="k">Vermögensteuer (abgeschafft)</subfield>
    <subfield code="k">Kommentare</subfield>
    <subfield code="0">1399062999</subfield>
    <subfield code="0">(DE-627)1399062999</subfield>
    <subfield code="0">(DE-576)329062999</subfield>
    <subfield code="0">(DE-625)138619:281</subfield>
  </datafield>
<datafield tag="690" ind1="H" ind2="D">
            <subfield code="8">KB</subfield>
            <subfield code="a">Ausländisches Steuerrecht : Deutschland</subfield>
            <subfield code="2">HSG-IFF</subfield>
        </datafield></record>