<record xmlns="http://www.loc.gov/MARC21/slim">
  <leader>00894caa a22002532  4500</leader>
  <controlfield tag="001">(DE-627)386260494</controlfield>
  <controlfield tag="003">DE-627</controlfield>
  <controlfield tag="005">20170909113431.0</controlfield>
  <controlfield tag="007">tu</controlfield>
  <controlfield tag="008">040503s1972    xx |||||      00| ||und c</controlfield>
  <datafield tag="035" ind1=" " ind2=" ">
    <subfield code="a">(DE-627)386260494</subfield>
  </datafield>
  <datafield tag="035" ind1=" " ind2=" ">
    <subfield code="a">(DE-599)GBV386260494</subfield>
  </datafield>
  <datafield tag="040" ind1=" " ind2=" ">
    <subfield code="a">DE-627</subfield>
    <subfield code="b">ger</subfield>
    <subfield code="c">DE-627</subfield>
    <subfield code="e">rakwb</subfield>
  </datafield>
  <datafield tag="100" ind1="1" ind2=" ">
    <subfield code="a">Cooper, M. H.</subfield>
  </datafield>
  <datafield tag="245" ind1="1" ind2="0">
    <subfield code="a">Equality in the National Health Service</subfield>
    <subfield code="b">intentions, performance and problems in evaluation</subfield>
    <subfield code="c">M. H. Cooper and A. J. Culyer</subfield>
  </datafield>
  <datafield tag="264" ind1=" " ind2="1">
    <subfield code="c">1972</subfield>
  </datafield>
  <datafield tag="336" ind1=" " ind2=" ">
    <subfield code="a">Text</subfield>
    <subfield code="b">txt</subfield>
    <subfield code="2">rdacontent</subfield>
  </datafield>
  <datafield tag="337" ind1=" " ind2=" ">
    <subfield code="a">ohne Hilfsmittel zu benutzen</subfield>
    <subfield code="b">n</subfield>
    <subfield code="2">rdamedia</subfield>
  </datafield>
  <datafield tag="338" ind1=" " ind2=" ">
    <subfield code="a">Band</subfield>
    <subfield code="b">nc</subfield>
    <subfield code="2">rdacarrier</subfield>
  </datafield>
  <datafield tag="700" ind1="1" ind2=" ">
    <subfield code="a">Culyer, A. J.</subfield>
    <subfield code="4">aut</subfield>
  </datafield>
  <datafield tag="773" ind1="0" ind2="8">
    <subfield code="i">In</subfield>
    <subfield code="t">The economics of medical care</subfield>
    <subfield code="d">London : Allen &amp; Unwin, 1972</subfield>
    <subfield code="g">(1972), Seite 47-57</subfield>
    <subfield code="h">334 S</subfield>
    <subfield code="w">(DE-627)020747632</subfield>
    <subfield code="w">(DE-576)003588963</subfield>
    <subfield code="z">0043302130</subfield>
  </datafield>
  <datafield tag="924" ind1="1" ind2=" ">
    <subfield code="a">645083909</subfield>
    <subfield code="b">DE-206</subfield>
    <subfield code="c">GBV</subfield>
  </datafield>
  <datafield tag="935" ind1=" " ind2=" ">
    <subfield code="i">ZBWRetro</subfield>
  </datafield>
  <datafield tag="936" ind1="u" ind2="w">
    <subfield code="j">1972</subfield>
    <subfield code="h">47-57</subfield>
  </datafield>
<datafield tag="690" ind1="H" ind2="D">
            <subfield code="8">YL7</subfield>
            <subfield code="a">Wirtschaftswissenschaften : Finanzwissenschaft. Betriebswirtschaftliche Steuerlehre : Finanzpolitik. Fiscal Policy. Finanzwirtschaft und Finanzpolitik einzelner Länder</subfield>
            <subfield code="2">HSG-IFF</subfield>
        </datafield></record>