<record xmlns="http://www.loc.gov/MARC21/slim">
  <leader>00992nam a2200301 c 4500</leader>
  <controlfield tag="001">(DE-101)97953514X</controlfield>
  <controlfield tag="003">DE-101</controlfield>
  <controlfield tag="005">20070222080219.0</controlfield>
  <controlfield tag="007">tu</controlfield>
  <controlfield tag="008">060502s2000    sz ||||| |||| 00||||ger  </controlfield>
  <datafield tag="016" ind1="7" ind2=" ">
    <subfield code="2">DE-101</subfield>
    <subfield code="a">97953514X</subfield>
  </datafield>
  <datafield tag="020" ind1=" " ind2=" ">
    <subfield code="c">geh.</subfield>
  </datafield>
  <datafield tag="035" ind1=" " ind2=" ">
    <subfield code="a">(DE-599)DNB97953514X</subfield>
  </datafield>
  <datafield tag="035" ind1=" " ind2=" ">
    <subfield code="a">(OCoLC)635590789</subfield>
  </datafield>
  <datafield tag="040" ind1=" " ind2=" ">
    <subfield code="a">1131</subfield>
    <subfield code="b">ger</subfield>
    <subfield code="c">DE-101</subfield>
    <subfield code="d">1150</subfield>
  </datafield>
  <datafield tag="041" ind1=" " ind2=" ">
    <subfield code="a">ger</subfield>
  </datafield>
  <datafield tag="044" ind1=" " ind2=" ">
    <subfield code="c">XA-CH</subfield>
  </datafield>
  <datafield tag="082" ind1="7" ind2="4">
    <subfield code="a">350</subfield>
    <subfield code="q">DE-101</subfield>
    <subfield code="2">22sdnb</subfield>
  </datafield>
  <datafield tag="084" ind1=" " ind2=" ">
    <subfield code="a">350</subfield>
    <subfield code="q">DE-101</subfield>
    <subfield code="2">sdnb</subfield>
  </datafield>
  <datafield tag="090" ind1=" " ind2=" ">
    <subfield code="a">b</subfield>
  </datafield>
  <datafield tag="245" ind1="0" ind2="0">
    <subfield code="a">Verwaltungsmanagement</subfield>
    <subfield code="b">11 Thesen zur Entwicklung der öffentlichen Verwaltungen in der Schweiz</subfield>
    <subfield code="c">[hrsg. von UBS AG, Outlook Veranstaltungen und Publikationen]</subfield>
  </datafield>
  <datafield tag="250" ind1=" " ind2=" ">
    <subfield code="a">Neuaufl.</subfield>
  </datafield>
  <datafield tag="259" ind1=" " ind2=" ">
    <subfield code="a">ne</subfield>
  </datafield>
  <datafield tag="264" ind1=" " ind2="1">
    <subfield code="a">Zürich</subfield>
    <subfield code="b">UBS AG, Outlook Veranstaltungen und Publ.</subfield>
    <subfield code="c">2000</subfield>
  </datafield>
  <datafield tag="300" ind1=" " ind2=" ">
    <subfield code="a">31 S.</subfield>
    <subfield code="b">graph. Darst.</subfield>
    <subfield code="c">30 cm</subfield>
  </datafield>
  <datafield tag="490" ind1="0" ind2=" ">
    <subfield code="a">UBS outlook</subfield>
  </datafield>
  <datafield tag="710" ind1="2" ind2=" ">
    <subfield code="0">(DE-588)10161665-X</subfield>
    <subfield code="0">http://d-nb.info/gnd/10161665-X</subfield>
    <subfield code="0">(DE-101)983158746</subfield>
    <subfield code="a">UBS AG</subfield>
    <subfield code="b">Outlook Veranstaltungen und Publikationen</subfield>
  </datafield>
  <datafield tag="850" ind1=" " ind2=" ">
    <subfield code="a">DE-101a</subfield>
  </datafield>
<datafield tag="690" ind1="H" ind2="D">
            <subfield code="8">YQ</subfield>
            <subfield code="a">Wirtschaftswissenschaften : Spezielle Betriebswirtschaftslehren</subfield>
            <subfield code="2">HSG-IFF</subfield>
        </datafield></record>