<record xmlns="http://www.loc.gov/MARC21/slim">
  <leader>03719cam a2200721   4500</leader>
  <controlfield tag="001">(DE-627)022185097</controlfield>
  <controlfield tag="003">DE-627</controlfield>
  <controlfield tag="005">20190317180609.0</controlfield>
  <controlfield tag="007">tu</controlfield>
  <controlfield tag="008">850515s1970    xx |||||      00| ||eng c</controlfield>
  <datafield tag="016" ind1="7" ind2=" ">
    <subfield code="a">0520016475</subfield>
    <subfield code="2">UK</subfield>
  </datafield>
  <datafield tag="020" ind1=" " ind2=" ">
    <subfield code="a">0520016475</subfield>
  </datafield>
  <datafield tag="035" ind1=" " ind2=" ">
    <subfield code="a">(DE-627)022185097</subfield>
  </datafield>
  <datafield tag="035" ind1=" " ind2=" ">
    <subfield code="a">(DE-576)003748766</subfield>
  </datafield>
  <datafield tag="035" ind1=" " ind2=" ">
    <subfield code="a">(DE-599)GBV022185097</subfield>
  </datafield>
  <datafield tag="035" ind1=" " ind2=" ">
    <subfield code="a">(OCoLC)66019</subfield>
  </datafield>
  <datafield tag="035" ind1=" " ind2=" ">
    <subfield code="a">(OCoLC)00066019</subfield>
  </datafield>
  <datafield tag="035" ind1=" " ind2=" ">
    <subfield code="a">(DE-604)8070890749</subfield>
  </datafield>
  <datafield tag="040" ind1=" " ind2=" ">
    <subfield code="a">DE-627</subfield>
    <subfield code="b">ger</subfield>
    <subfield code="c">DE-627</subfield>
    <subfield code="e">rakwb</subfield>
  </datafield>
  <datafield tag="041" ind1=" " ind2=" ">
    <subfield code="a">eng</subfield>
  </datafield>
  <datafield tag="044" ind1=" " ind2=" ">
    <subfield code="c">XD-US</subfield>
  </datafield>
  <datafield tag="082" ind1="0" ind2=" ">
    <subfield code="a">330.9936</subfield>
  </datafield>
  <datafield tag="082" ind1="0" ind2=" ">
    <subfield code="a">330.993/6</subfield>
    <subfield code="q">OCLC</subfield>
  </datafield>
  <datafield tag="084" ind1=" " ind2=" ">
    <subfield code="a">MS 9750</subfield>
    <subfield code="2">rvk</subfield>
  </datafield>
  <datafield tag="084" ind1=" " ind2=" ">
    <subfield code="a">LC 20690</subfield>
    <subfield code="2">rvk</subfield>
  </datafield>
  <datafield tag="100" ind1="1" ind2=" ">
    <subfield code="a">Salisbury, Richard F.</subfield>
    <subfield code="0">(DE-627)1232846112</subfield>
    <subfield code="0">(DE-576)162846118</subfield>
  </datafield>
  <datafield tag="245" ind1="1" ind2="0">
    <subfield code="a">Vunamami</subfield>
    <subfield code="b">economic transformation in a traditional society</subfield>
    <subfield code="c">Richard Frank Salisbury</subfield>
  </datafield>
  <datafield tag="264" ind1=" " ind2="1">
    <subfield code="a">Berkeley, Calif. [u.a.]</subfield>
    <subfield code="b">Univ. of California Press</subfield>
    <subfield code="c">1970</subfield>
  </datafield>
  <datafield tag="300" ind1=" " ind2=" ">
    <subfield code="a">XI, 389 S</subfield>
    <subfield code="b">graph. Darst., Kt.</subfield>
  </datafield>
  <datafield tag="336" ind1=" " ind2=" ">
    <subfield code="a">Text</subfield>
    <subfield code="b">txt</subfield>
    <subfield code="2">rdacontent</subfield>
  </datafield>
  <datafield tag="337" ind1=" " ind2=" ">
    <subfield code="a">ohne Hilfsmittel zu benutzen</subfield>
    <subfield code="b">n</subfield>
    <subfield code="2">rdamedia</subfield>
  </datafield>
  <datafield tag="338" ind1=" " ind2=" ">
    <subfield code="a">Band</subfield>
    <subfield code="b">nc</subfield>
    <subfield code="2">rdacarrier</subfield>
  </datafield>
  <datafield tag="583" ind1="1" ind2=" ">
    <subfield code="a">Langzeitarchivierung gewährleistet</subfield>
    <subfield code="z">Hamburg H 16; Entsäuert 2011</subfield>
    <subfield code="2">pdager</subfield>
  </datafield>
  <datafield tag="591" ind1=" " ind2=" ">
    <subfield code="a">720 ff. bvb 721:L1UB; 5580: F1MW ; IMD-Felder und 1131 maschinell ergänzt (SWB)</subfield>
  </datafield>
  <datafield tag="650" ind1="0" ind2="7">
    <subfield code="0">(DE-588)4066399-1</subfield>
    <subfield code="0">(DE-627)104346884</subfield>
    <subfield code="0">(DE-576)209164522</subfield>
    <subfield code="a">Wirtschaft</subfield>
    <subfield code="2">gnd</subfield>
  </datafield>
  <datafield tag="650" ind1="0" ind2="7">
    <subfield code="0">(DE-588)4046514-7</subfield>
    <subfield code="0">(DE-627)104152206</subfield>
    <subfield code="0">(DE-576)209069945</subfield>
    <subfield code="a">Politik</subfield>
    <subfield code="2">gnd</subfield>
  </datafield>
  <datafield tag="650" ind1="0" ind2="7">
    <subfield code="0">(DE-588)4055764-9</subfield>
    <subfield code="0">(DE-627)106156896</subfield>
    <subfield code="0">(DE-576)209115300</subfield>
    <subfield code="a">Soziales System</subfield>
    <subfield code="2">gnd</subfield>
  </datafield>
  <datafield tag="650" ind1="0" ind2="7">
    <subfield code="0">(DE-588)4234987-4</subfield>
    <subfield code="0">(DE-627)104905603</subfield>
    <subfield code="0">(DE-576)210385022</subfield>
    <subfield code="a">Wandel</subfield>
    <subfield code="2">gnd</subfield>
  </datafield>
  <datafield tag="650" ind1="0" ind2="7">
    <subfield code="0">(DE-588)4020517-4</subfield>
    <subfield code="0">(DE-627)106317768</subfield>
    <subfield code="0">(DE-576)208933697</subfield>
    <subfield code="a">Geschichte</subfield>
    <subfield code="2">gnd</subfield>
  </datafield>
  <datafield tag="650" ind1=" " ind2="4">
    <subfield code="a">Villages</subfield>
    <subfield code="x">Papua New Guinea</subfield>
    <subfield code="x">New Britain Island</subfield>
    <subfield code="x">Case studies</subfield>
  </datafield>
  <datafield tag="651" ind1=" " ind2="7">
    <subfield code="0">(DE-588)4075319-0</subfield>
    <subfield code="0">(DE-627)10608674X</subfield>
    <subfield code="0">(DE-576)209197218</subfield>
    <subfield code="a">Neuguinea</subfield>
    <subfield code="2">gnd</subfield>
  </datafield>
  <datafield tag="651" ind1=" " ind2="7">
    <subfield code="0">(DE-588)4214864-9</subfield>
    <subfield code="0">(DE-627)105061670</subfield>
    <subfield code="0">(DE-576)210222786</subfield>
    <subfield code="a">New Britain</subfield>
    <subfield code="g">Insel</subfield>
    <subfield code="2">gnd</subfield>
  </datafield>
  <datafield tag="651" ind1=" " ind2="4">
    <subfield code="a">New Britain Island (Papua New Guinea)</subfield>
    <subfield code="x">Economic conditions</subfield>
    <subfield code="x">Case studies</subfield>
  </datafield>
  <datafield tag="700" ind1="1" ind2=" ">
    <subfield code="a">Salisbury, Richard Frank</subfield>
    <subfield code="d">1926-1989</subfield>
    <subfield code="0">(DE-588)131342355</subfield>
    <subfield code="0">(DE-627)50795971X</subfield>
    <subfield code="0">(DE-576)257355081</subfield>
    <subfield code="4">aut</subfield>
  </datafield>
  <datafield tag="850" ind1=" " ind2=" ">
    <subfield code="a">ba</subfield>
  </datafield>
  <datafield tag="924" ind1="1" ind2=" ">
    <subfield code="a">180388770</subfield>
    <subfield code="b">DE-46</subfield>
    <subfield code="c">GBV</subfield>
    <subfield code="d">L</subfield>
    <subfield code="g">a etn 982 tol/74</subfield>
  </datafield>
  <datafield tag="924" ind1="1" ind2=" ">
    <subfield code="a">227764811</subfield>
    <subfield code="b">DE-18</subfield>
    <subfield code="c">GBV</subfield>
    <subfield code="i">18/307-a</subfield>
    <subfield code="g">30/1502</subfield>
    <subfield code="d">N</subfield>
  </datafield>
  <datafield tag="924" ind1="1" ind2=" ">
    <subfield code="a">650975294</subfield>
    <subfield code="b">DE-18</subfield>
    <subfield code="c">GBV</subfield>
    <subfield code="i">18/308</subfield>
    <subfield code="g">ETH-Oz 1 Wir 1.70</subfield>
    <subfield code="d">N</subfield>
  </datafield>
  <datafield tag="924" ind1="1" ind2=" ">
    <subfield code="a">917741137</subfield>
    <subfield code="b">DE-18</subfield>
    <subfield code="c">GBV</subfield>
    <subfield code="d">L</subfield>
    <subfield code="g">A 1971/642</subfield>
    <subfield code="i">SUB-SM</subfield>
  </datafield>
  <datafield tag="924" ind1="1" ind2=" ">
    <subfield code="a">71685645X</subfield>
    <subfield code="b">DE-206</subfield>
    <subfield code="c">GBV</subfield>
    <subfield code="d">L</subfield>
    <subfield code="g">B 95293</subfield>
    <subfield code="i">K:</subfield>
  </datafield>
  <datafield tag="924" ind1="1" ind2=" ">
    <subfield code="a">025397818</subfield>
    <subfield code="b">DE-7</subfield>
    <subfield code="c">GBV</subfield>
    <subfield code="i">ALS1</subfield>
    <subfield code="g">QMZ 400:m = 70 A 7152</subfield>
    <subfield code="d">L</subfield>
    <subfield code="g">70 A 7152</subfield>
  </datafield>
  <datafield tag="924" ind1="1" ind2=" ">
    <subfield code="a">291179525</subfield>
    <subfield code="b">DE-7</subfield>
    <subfield code="c">GBV</subfield>
    <subfield code="h">7/148</subfield>
    <subfield code="i">BBWISO</subfield>
    <subfield code="g">1 : 466 Sal</subfield>
    <subfield code="d">N</subfield>
  </datafield>
  <datafield tag="924" ind1="1" ind2=" ">
    <subfield code="a">508526604</subfield>
    <subfield code="b">DE-7</subfield>
    <subfield code="c">GBV</subfield>
    <subfield code="i">7/066</subfield>
    <subfield code="g">S.S.Me.434</subfield>
    <subfield code="d">N</subfield>
  </datafield>
  <datafield tag="924" ind1="1" ind2=" ">
    <subfield code="a">658486845</subfield>
    <subfield code="b">DE-7</subfield>
    <subfield code="c">GBV</subfield>
    <subfield code="d">N</subfield>
    <subfield code="g">AL 206 Sal</subfield>
    <subfield code="h">7/148</subfield>
    <subfield code="i">BBWISO</subfield>
  </datafield>
  <datafield tag="924" ind1="1" ind2=" ">
    <subfield code="a">3082223419</subfield>
    <subfield code="b">DE-21-53</subfield>
    <subfield code="9">21/53</subfield>
    <subfield code="c">BSZ</subfield>
    <subfield code="d">b</subfield>
    <subfield code="g">B 30 Sal I 1</subfield>
    <subfield code="9">p</subfield>
  </datafield>
  <datafield tag="924" ind1="1" ind2=" ">
    <subfield code="a">3082223486</subfield>
    <subfield code="b">DE-25</subfield>
    <subfield code="9">25</subfield>
    <subfield code="c">BSZ</subfield>
    <subfield code="d">c</subfield>
    <subfield code="g">GE 77/8437</subfield>
  </datafield>
  <datafield tag="924" ind1="1" ind2=" ">
    <subfield code="a">3082223567</subfield>
    <subfield code="b">DE-352</subfield>
    <subfield code="9">352</subfield>
    <subfield code="c">BSZ</subfield>
    <subfield code="d">c</subfield>
    <subfield code="g">soz 843:ut70/s15</subfield>
  </datafield>
  <datafield tag="924" ind1="1" ind2=" ">
    <subfield code="a">3082223605</subfield>
    <subfield code="b">DE-15</subfield>
    <subfield code="9">15</subfield>
    <subfield code="c">BSZ</subfield>
    <subfield code="d">c</subfield>
  </datafield>
  <datafield tag="924" ind1="1" ind2=" ">
    <subfield code="a">3082223648</subfield>
    <subfield code="b">DE-16-160</subfield>
    <subfield code="9">16/160</subfield>
    <subfield code="c">BSZ</subfield>
    <subfield code="d">c</subfield>
    <subfield code="g">WS/MS 9750 S167</subfield>
  </datafield>
  <datafield tag="924" ind1="1" ind2=" ">
    <subfield code="a">3082223680</subfield>
    <subfield code="b">DE-1971</subfield>
    <subfield code="9">1971</subfield>
    <subfield code="c">BSZ</subfield>
    <subfield code="d">b</subfield>
    <subfield code="g">Oz VI 111</subfield>
    <subfield code="9">p</subfield>
  </datafield>
  <datafield tag="935" ind1=" " ind2=" ">
    <subfield code="i">Blocktest</subfield>
  </datafield>
  <datafield tag="936" ind1="r" ind2="v">
    <subfield code="a">MS 9750</subfield>
    <subfield code="b">Australien, Indonesien, Ozeanien</subfield>
    <subfield code="k">Soziologie</subfield>
    <subfield code="k">Spezielle Soziologien</subfield>
    <subfield code="k">Sozial- bzw. Kultur-Anthropologie</subfield>
    <subfield code="k">Australien, Indonesien, Ozeanien</subfield>
    <subfield code="0">1271442329</subfield>
    <subfield code="0">(DE-627)1271442329</subfield>
    <subfield code="0">(DE-576)201442329</subfield>
    <subfield code="0">(DE-625)rvk/123879:</subfield>
  </datafield>
  <datafield tag="936" ind1="r" ind2="v">
    <subfield code="a">LC 20690</subfield>
    <subfield code="b">Ozeanien insgesamt</subfield>
    <subfield code="k">Ethnologie</subfield>
    <subfield code="k">Materielle Kultur und Wirtschaftsethnologie</subfield>
    <subfield code="k">Formen der Wirtschaft</subfield>
    <subfield code="k">Wirtschaftssysteme - Allgemeines, Theoretisches, Zusammenfassendes</subfield>
    <subfield code="k">Australien, Neuseeland, Ozeanien</subfield>
    <subfield code="k">Ozeanien</subfield>
    <subfield code="k">Ozeanien insgesamt</subfield>
    <subfield code="0">1272492532</subfield>
    <subfield code="0">(DE-627)1272492532</subfield>
    <subfield code="0">(DE-576)202492532</subfield>
    <subfield code="0">(DE-625)rvk/90629:1005</subfield>
  </datafield>
<datafield tag="690" ind1="H" ind2="D">
            <subfield code="8">YM</subfield>
            <subfield code="a">Wirtschaftswissenschaften : Internationaler Handel. Zahlungsbilanz und Wechselkurse</subfield>
            <subfield code="2">HSG-IFF</subfield>
        </datafield></record>