<record xmlns="http://www.loc.gov/MARC21/slim">
  <leader>06314cam a2201165   4500</leader>
  <controlfield tag="001">(DE-627)024980021</controlfield>
  <controlfield tag="003">DE-627</controlfield>
  <controlfield tag="005">20190317221434.0</controlfield>
  <controlfield tag="007">tu</controlfield>
  <controlfield tag="008">841214s1982    xx |||||      00| ||ger c</controlfield>
  <datafield tag="015" ind1=" " ind2=" ">
    <subfield code="a">82,N47,0028</subfield>
    <subfield code="2">dnb</subfield>
  </datafield>
  <datafield tag="015" ind1=" " ind2=" ">
    <subfield code="a">83,A15,0323</subfield>
    <subfield code="2">dnb</subfield>
  </datafield>
  <datafield tag="016" ind1="7" ind2=" ">
    <subfield code="a">821234331</subfield>
    <subfield code="2">DE-101</subfield>
  </datafield>
  <datafield tag="020" ind1=" " ind2=" ">
    <subfield code="a">3593331519</subfield>
    <subfield code="9">3-593-33151-9</subfield>
  </datafield>
  <datafield tag="035" ind1=" " ind2=" ">
    <subfield code="a">(DE-627)024980021</subfield>
  </datafield>
  <datafield tag="035" ind1=" " ind2=" ">
    <subfield code="a">(DE-576)009083219</subfield>
  </datafield>
  <datafield tag="035" ind1=" " ind2=" ">
    <subfield code="a">(DE-599)GBV024980021</subfield>
  </datafield>
  <datafield tag="035" ind1=" " ind2=" ">
    <subfield code="a">(OCoLC)11763327</subfield>
  </datafield>
  <datafield tag="035" ind1=" " ind2=" ">
    <subfield code="a">(OCoLC)11763327</subfield>
  </datafield>
  <datafield tag="035" ind1=" " ind2=" ">
    <subfield code="a">(DE-604)8002221357</subfield>
  </datafield>
  <datafield tag="040" ind1=" " ind2=" ">
    <subfield code="a">DE-627</subfield>
    <subfield code="b">ger</subfield>
    <subfield code="c">DE-627</subfield>
    <subfield code="e">rakwb</subfield>
  </datafield>
  <datafield tag="041" ind1=" " ind2=" ">
    <subfield code="a">ger</subfield>
  </datafield>
  <datafield tag="044" ind1=" " ind2=" ">
    <subfield code="c">XA-DE</subfield>
    <subfield code="c">XD-US</subfield>
  </datafield>
  <datafield tag="082" ind1="0" ind2=" ">
    <subfield code="a">372.2180943</subfield>
    <subfield code="q">OCLC</subfield>
  </datafield>
  <datafield tag="084" ind1=" " ind2=" ">
    <subfield code="a">17</subfield>
    <subfield code="a">14</subfield>
    <subfield code="a">22</subfield>
    <subfield code="2">sdnb</subfield>
  </datafield>
  <datafield tag="084" ind1=" " ind2=" ">
    <subfield code="a">MS 7200</subfield>
    <subfield code="2">rvk</subfield>
  </datafield>
  <datafield tag="084" ind1=" " ind2=" ">
    <subfield code="a">QX 000</subfield>
    <subfield code="2">rvk</subfield>
  </datafield>
  <datafield tag="084" ind1=" " ind2=" ">
    <subfield code="a">MS 6470</subfield>
    <subfield code="2">rvk</subfield>
  </datafield>
  <datafield tag="245" ind1="1" ind2="0">
    <subfield code="a">Verteilungswirkungen sozialer Dienste</subfield>
    <subfield code="b">das Beispiel Kindergarten</subfield>
    <subfield code="c">Franz-Xaver Kaufmann ...</subfield>
  </datafield>
  <datafield tag="264" ind1=" " ind2="1">
    <subfield code="a">Frankfurt/Main</subfield>
    <subfield code="a">New York</subfield>
    <subfield code="b">Campus-Verl.</subfield>
    <subfield code="c">1982</subfield>
  </datafield>
  <datafield tag="300" ind1=" " ind2=" ">
    <subfield code="a">100 S.</subfield>
    <subfield code="b">graph. Darst.</subfield>
    <subfield code="c">23 cm</subfield>
  </datafield>
  <datafield tag="336" ind1=" " ind2=" ">
    <subfield code="a">Text</subfield>
    <subfield code="b">txt</subfield>
    <subfield code="2">rdacontent</subfield>
  </datafield>
  <datafield tag="337" ind1=" " ind2=" ">
    <subfield code="a">ohne Hilfsmittel zu benutzen</subfield>
    <subfield code="b">n</subfield>
    <subfield code="2">rdamedia</subfield>
  </datafield>
  <datafield tag="338" ind1=" " ind2=" ">
    <subfield code="a">Band</subfield>
    <subfield code="b">nc</subfield>
    <subfield code="2">rdacarrier</subfield>
  </datafield>
  <datafield tag="490" ind1="1" ind2=" ">
    <subfield code="a">Forschungsberichte des Instituts für Bevölkerungsforschung und Sozialpolitik (IBS), Universität Bielefeld</subfield>
    <subfield code="v">1</subfield>
  </datafield>
  <datafield tag="500" ind1=" " ind2=" ">
    <subfield code="a">Literaturverz. S. 93 - 100.</subfield>
  </datafield>
  <datafield tag="591" ind1=" " ind2=" ">
    <subfield code="a">720 ff. bvb; 580 ff. bvb ; IMD-Felder und 1131 maschinell ergänzt (SWB)</subfield>
  </datafield>
  <datafield tag="650" ind1=" " ind2="4">
    <subfield code="a">Sozialpolitik</subfield>
  </datafield>
  <datafield tag="650" ind1=" " ind2="4">
    <subfield code="a">Kindergarten</subfield>
  </datafield>
  <datafield tag="650" ind1=" " ind2="4">
    <subfield code="a">Cost-Benefit-Analyse</subfield>
  </datafield>
  <datafield tag="689" ind1="0" ind2="0">
    <subfield code="D">s</subfield>
    <subfield code="0">(DE-588)4030581-8</subfield>
    <subfield code="0">(DE-627)104340665</subfield>
    <subfield code="0">(DE-576)208988238</subfield>
    <subfield code="a">Kindergarten</subfield>
    <subfield code="2">gnd</subfield>
  </datafield>
  <datafield tag="689" ind1="0" ind2="1">
    <subfield code="D">s</subfield>
    <subfield code="0">(DE-588)4055879-4</subfield>
    <subfield code="0">(DE-627)10615656X</subfield>
    <subfield code="0">(DE-576)209115742</subfield>
    <subfield code="a">Sozialpolitik</subfield>
    <subfield code="2">gnd</subfield>
  </datafield>
  <datafield tag="689" ind1="0" ind2="2">
    <subfield code="D">s</subfield>
    <subfield code="0">(DE-588)4071034-8</subfield>
    <subfield code="0">(DE-627)106098713</subfield>
    <subfield code="0">(DE-576)209182709</subfield>
    <subfield code="a">Evaluation</subfield>
    <subfield code="2">gnd</subfield>
  </datafield>
  <datafield tag="689" ind1="0" ind2=" ">
    <subfield code="5">(DE-627)</subfield>
  </datafield>
  <datafield tag="689" ind1="1" ind2="0">
    <subfield code="D">s</subfield>
    <subfield code="0">(DE-588)4030581-8</subfield>
    <subfield code="0">(DE-627)104340665</subfield>
    <subfield code="0">(DE-576)208988238</subfield>
    <subfield code="a">Kindergarten</subfield>
    <subfield code="2">gnd</subfield>
  </datafield>
  <datafield tag="689" ind1="1" ind2="1">
    <subfield code="D">s</subfield>
    <subfield code="0">(DE-588)4055879-4</subfield>
    <subfield code="0">(DE-627)10615656X</subfield>
    <subfield code="0">(DE-576)209115742</subfield>
    <subfield code="a">Sozialpolitik</subfield>
    <subfield code="2">gnd</subfield>
  </datafield>
  <datafield tag="689" ind1="1" ind2=" ">
    <subfield code="5">(DE-627)</subfield>
  </datafield>
  <datafield tag="689" ind1="2" ind2="0">
    <subfield code="D">s</subfield>
    <subfield code="0">(DE-588)4030581-8</subfield>
    <subfield code="0">(DE-627)104340665</subfield>
    <subfield code="0">(DE-576)208988238</subfield>
    <subfield code="a">Kindergarten</subfield>
    <subfield code="2">gnd</subfield>
  </datafield>
  <datafield tag="689" ind1="2" ind2="1">
    <subfield code="D">s</subfield>
    <subfield code="0">(DE-588)4077559-8</subfield>
    <subfield code="0">(DE-627)104629363</subfield>
    <subfield code="0">(DE-576)209205644</subfield>
    <subfield code="a">Sozialdienst</subfield>
    <subfield code="2">gnd</subfield>
  </datafield>
  <datafield tag="689" ind1="2" ind2="2">
    <subfield code="D">s</subfield>
    <subfield code="0">(DE-588)4123447-9</subfield>
    <subfield code="0">(DE-627)10443449X</subfield>
    <subfield code="0">(DE-576)209559799</subfield>
    <subfield code="a">Inzidenz</subfield>
    <subfield code="g">Wirtschaft</subfield>
    <subfield code="2">gnd</subfield>
  </datafield>
  <datafield tag="689" ind1="2" ind2=" ">
    <subfield code="5">(DE-627)</subfield>
  </datafield>
  <datafield tag="689" ind1="3" ind2="0">
    <subfield code="D">s</subfield>
    <subfield code="0">(DE-588)4030581-8</subfield>
    <subfield code="0">(DE-627)104340665</subfield>
    <subfield code="0">(DE-576)208988238</subfield>
    <subfield code="a">Kindergarten</subfield>
    <subfield code="2">gnd</subfield>
  </datafield>
  <datafield tag="689" ind1="3" ind2=" ">
    <subfield code="5">(DE-627)</subfield>
  </datafield>
  <datafield tag="689" ind1="4" ind2="0">
    <subfield code="D">s</subfield>
    <subfield code="0">(DE-588)4055856-3</subfield>
    <subfield code="0">(DE-627)106156624</subfield>
    <subfield code="0">(DE-576)209115653</subfield>
    <subfield code="a">Sozialleistungen</subfield>
    <subfield code="2">gnd</subfield>
  </datafield>
  <datafield tag="689" ind1="4" ind2="1">
    <subfield code="D">s</subfield>
    <subfield code="0">(DE-588)4123447-9</subfield>
    <subfield code="0">(DE-627)10443449X</subfield>
    <subfield code="0">(DE-576)209559799</subfield>
    <subfield code="a">Inzidenz</subfield>
    <subfield code="g">Wirtschaft</subfield>
    <subfield code="2">gnd</subfield>
  </datafield>
  <datafield tag="689" ind1="4" ind2="2">
    <subfield code="D">s</subfield>
    <subfield code="0">(DE-588)4030581-8</subfield>
    <subfield code="0">(DE-627)104340665</subfield>
    <subfield code="0">(DE-576)208988238</subfield>
    <subfield code="a">Kindergarten</subfield>
    <subfield code="2">gnd</subfield>
  </datafield>
  <datafield tag="689" ind1="4" ind2=" ">
    <subfield code="5">(DE-627)</subfield>
  </datafield>
  <datafield tag="689" ind1="5" ind2="0">
    <subfield code="D">s</subfield>
    <subfield code="0">(DE-588)4030581-8</subfield>
    <subfield code="0">(DE-627)104340665</subfield>
    <subfield code="0">(DE-576)208988238</subfield>
    <subfield code="a">Kindergarten</subfield>
    <subfield code="2">gnd</subfield>
  </datafield>
  <datafield tag="689" ind1="5" ind2="1">
    <subfield code="D">s</subfield>
    <subfield code="0">(DE-588)4114001-1</subfield>
    <subfield code="0">(DE-627)105825344</subfield>
    <subfield code="0">(DE-576)209481099</subfield>
    <subfield code="a">Inanspruchnahme</subfield>
    <subfield code="2">gnd</subfield>
  </datafield>
  <datafield tag="689" ind1="5" ind2=" ">
    <subfield code="5">(DE-627)</subfield>
  </datafield>
  <datafield tag="700" ind1="1" ind2=" ">
    <subfield code="a">Kaufmann, Franz-Xaver</subfield>
    <subfield code="d">1932-</subfield>
    <subfield code="e">Mitarb.</subfield>
    <subfield code="0">(DE-588)119233355</subfield>
    <subfield code="0">(DE-627)060015551</subfield>
    <subfield code="0">(DE-576)161665829</subfield>
  </datafield>
  <datafield tag="810" ind1="2" ind2=" ">
    <subfield code="a">Universität Bielefeld</subfield>
    <subfield code="b">Institut für Bevölkerungsforschung und Sozialpolitik</subfield>
    <subfield code="t">Forschungsberichte des Instituts für Bevölkerungsforschung und Sozialpolitik (IBS), Universität Bielefeld</subfield>
    <subfield code="v">1</subfield>
    <subfield code="9">100</subfield>
    <subfield code="w">(DE-627)12914472X</subfield>
    <subfield code="w">(DE-576)008789754</subfield>
    <subfield code="w">(DE-600)47978-0</subfield>
  </datafield>
  <datafield tag="924" ind1="0" ind2=" ">
    <subfield code="a">032811403</subfield>
    <subfield code="b">DE-84</subfield>
    <subfield code="9">84</subfield>
    <subfield code="c">GBV</subfield>
    <subfield code="d">c</subfield>
    <subfield code="g">2603-4089</subfield>
  </datafield>
  <datafield tag="924" ind1="0" ind2=" ">
    <subfield code="a">183441842</subfield>
    <subfield code="b">DE-46</subfield>
    <subfield code="9">46</subfield>
    <subfield code="c">GBV</subfield>
    <subfield code="d">c</subfield>
    <subfield code="g">a sow 636 2bp/799</subfield>
  </datafield>
  <datafield tag="924" ind1="0" ind2=" ">
    <subfield code="a">160786495</subfield>
    <subfield code="b">DE-18</subfield>
    <subfield code="9">18</subfield>
    <subfield code="c">GBV</subfield>
    <subfield code="d">d</subfield>
    <subfield code="g">9/19954</subfield>
    <subfield code="h">18/261</subfield>
  </datafield>
  <datafield tag="924" ind1="0" ind2=" ">
    <subfield code="a">618594701</subfield>
    <subfield code="b">DE-8</subfield>
    <subfield code="9">8</subfield>
    <subfield code="c">GBV</subfield>
    <subfield code="d">d</subfield>
    <subfield code="g">Fk-43</subfield>
    <subfield code="h">8/9</subfield>
  </datafield>
  <datafield tag="924" ind1="0" ind2=" ">
    <subfield code="a">753682281</subfield>
    <subfield code="b">DE-206</subfield>
    <subfield code="9">206</subfield>
    <subfield code="c">GBV</subfield>
    <subfield code="d">c</subfield>
    <subfield code="g">A 143065</subfield>
    <subfield code="h">K:</subfield>
  </datafield>
  <datafield tag="924" ind1="0" ind2=" ">
    <subfield code="a">289876044</subfield>
    <subfield code="b">DE-547</subfield>
    <subfield code="9">547</subfield>
    <subfield code="c">GBV</subfield>
    <subfield code="d">d</subfield>
    <subfield code="g">ausgeschieden</subfield>
    <subfield code="g">PH Erfurt (Soziologie)</subfield>
  </datafield>
  <datafield tag="924" ind1="0" ind2=" ">
    <subfield code="a">272019712</subfield>
    <subfield code="b">DE-7</subfield>
    <subfield code="9">7</subfield>
    <subfield code="c">GBV</subfield>
    <subfield code="d">d</subfield>
    <subfield code="g">16 : R 5330 Ver</subfield>
    <subfield code="h">BBWISO</subfield>
  </datafield>
  <datafield tag="924" ind1="0" ind2=" ">
    <subfield code="a">03281142x</subfield>
    <subfield code="b">DE-89</subfield>
    <subfield code="9">89</subfield>
    <subfield code="c">GBV</subfield>
    <subfield code="d">c</subfield>
    <subfield code="g">84-2168</subfield>
    <subfield code="h">FBE</subfield>
  </datafield>
  <datafield tag="924" ind1="0" ind2=" ">
    <subfield code="a">374561176</subfield>
    <subfield code="b">DE-89</subfield>
    <subfield code="9">89</subfield>
    <subfield code="c">GBV</subfield>
    <subfield code="d">b</subfield>
    <subfield code="g">oek 3352/008</subfield>
    <subfield code="h">FBW</subfield>
  </datafield>
  <datafield tag="924" ind1="0" ind2=" ">
    <subfield code="a">663882281</subfield>
    <subfield code="b">DE-89</subfield>
    <subfield code="9">89</subfield>
    <subfield code="c">GBV</subfield>
    <subfield code="d">d</subfield>
    <subfield code="g">IK 50 7</subfield>
    <subfield code="h">FBS</subfield>
  </datafield>
  <datafield tag="924" ind1="0" ind2=" ">
    <subfield code="a">03281142x</subfield>
    <subfield code="b">DE-35</subfield>
    <subfield code="9">35</subfield>
    <subfield code="c">GBV</subfield>
    <subfield code="d">d</subfield>
    <subfield code="g">84-2168</subfield>
    <subfield code="h">FBE</subfield>
  </datafield>
  <datafield tag="924" ind1="0" ind2=" ">
    <subfield code="a">374561176</subfield>
    <subfield code="b">DE-35</subfield>
    <subfield code="9">35</subfield>
    <subfield code="c">GBV</subfield>
    <subfield code="d">d</subfield>
    <subfield code="g">oek 3352/008</subfield>
    <subfield code="h">FBW</subfield>
  </datafield>
  <datafield tag="924" ind1="0" ind2=" ">
    <subfield code="a">726791458</subfield>
    <subfield code="b">DE-Hil2</subfield>
    <subfield code="9">Hil 2</subfield>
    <subfield code="c">GBV</subfield>
    <subfield code="d">c</subfield>
    <subfield code="g">78988</subfield>
    <subfield code="h">MAGAZIN</subfield>
  </datafield>
  <datafield tag="924" ind1="0" ind2=" ">
    <subfield code="a">38771166X</subfield>
    <subfield code="b">DE-Luen4</subfield>
    <subfield code="9">Luen 4</subfield>
    <subfield code="c">GBV</subfield>
    <subfield code="d">c</subfield>
    <subfield code="g">82-6588</subfield>
    <subfield code="h">CAM</subfield>
  </datafield>
  <datafield tag="924" ind1="0" ind2=" ">
    <subfield code="a">78277198X</subfield>
    <subfield code="b">DE-715</subfield>
    <subfield code="9">715</subfield>
    <subfield code="c">GBV</subfield>
    <subfield code="d">c</subfield>
    <subfield code="g">sow 556.4 AY 3333</subfield>
  </datafield>
  <datafield tag="924" ind1="0" ind2=" ">
    <subfield code="a">032811411</subfield>
    <subfield code="b">DE-700</subfield>
    <subfield code="9">700</subfield>
    <subfield code="c">GBV</subfield>
    <subfield code="d">c</subfield>
    <subfield code="g">4270-519 8</subfield>
    <subfield code="h">B-Magazin</subfield>
  </datafield>
  <datafield tag="924" ind1="0" ind2=" ">
    <subfield code="a">711150877</subfield>
    <subfield code="b">DE-960</subfield>
    <subfield code="9">960</subfield>
    <subfield code="c">GBV</subfield>
    <subfield code="d">d</subfield>
    <subfield code="g">S SAr 326</subfield>
    <subfield code="h">DGS</subfield>
  </datafield>
  <datafield tag="924" ind1="0" ind2=" ">
    <subfield code="a">506751392</subfield>
    <subfield code="b">DE-Ki95</subfield>
    <subfield code="9">Ki 95</subfield>
    <subfield code="c">GBV</subfield>
    <subfield code="d">d</subfield>
    <subfield code="g">XB 24392</subfield>
    <subfield code="h">Ki 95/0</subfield>
  </datafield>
  <datafield tag="924" ind1="0" ind2=" ">
    <subfield code="a">506751619</subfield>
    <subfield code="b">DE-Ki95</subfield>
    <subfield code="9">Ki 95</subfield>
    <subfield code="c">GBV</subfield>
    <subfield code="d">d</subfield>
    <subfield code="g">XB 24393</subfield>
    <subfield code="h">Ki 95/0</subfield>
  </datafield>
  <datafield tag="924" ind1="0" ind2=" ">
    <subfield code="a">887301991</subfield>
    <subfield code="b">DE-B1556</subfield>
    <subfield code="9">B1556</subfield>
    <subfield code="c">GBV</subfield>
    <subfield code="d">d</subfield>
    <subfield code="g">MAG 003233</subfield>
    <subfield code="h">Magazin</subfield>
  </datafield>
  <datafield tag="924" ind1="0" ind2=" ">
    <subfield code="a">1226288251</subfield>
    <subfield code="b">DE-B1532</subfield>
    <subfield code="9">B 1532</subfield>
    <subfield code="c">GBV</subfield>
    <subfield code="d">c</subfield>
    <subfield code="g">E 83/1293</subfield>
  </datafield>
  <datafield tag="924" ind1="0" ind2=" ">
    <subfield code="a">3184083071</subfield>
    <subfield code="b">DE-21</subfield>
    <subfield code="9">21</subfield>
    <subfield code="c">BSZ</subfield>
    <subfield code="d">c</subfield>
    <subfield code="g">4 E 2507</subfield>
  </datafield>
  <datafield tag="924" ind1="0" ind2=" ">
    <subfield code="a">3184083144</subfield>
    <subfield code="b">DE-21-43</subfield>
    <subfield code="9">21/43</subfield>
    <subfield code="c">BSZ</subfield>
    <subfield code="d">b</subfield>
    <subfield code="g">Hm III 189</subfield>
  </datafield>
  <datafield tag="924" ind1="0" ind2=" ">
    <subfield code="a">3184083160</subfield>
    <subfield code="b">DE-25-10</subfield>
    <subfield code="9">25/10</subfield>
    <subfield code="c">BSZ</subfield>
    <subfield code="d">b</subfield>
    <subfield code="g">Frei 10: O1/801</subfield>
  </datafield>
  <datafield tag="924" ind1="0" ind2=" ">
    <subfield code="a">3184083276</subfield>
    <subfield code="b">DE-14</subfield>
    <subfield code="9">14</subfield>
    <subfield code="c">BSZ</subfield>
    <subfield code="d">c</subfield>
  </datafield>
  <datafield tag="924" ind1="0" ind2=" ">
    <subfield code="a">3184083373</subfield>
    <subfield code="b">DE-352</subfield>
    <subfield code="9">352</subfield>
    <subfield code="c">BSZ</subfield>
    <subfield code="d">c</subfield>
    <subfield code="g">erz 357/v27</subfield>
  </datafield>
  <datafield tag="924" ind1="0" ind2=" ">
    <subfield code="a">318408342X</subfield>
    <subfield code="b">DE-24</subfield>
    <subfield code="9">24</subfield>
    <subfield code="c">BSZ</subfield>
    <subfield code="d">c</subfield>
    <subfield code="g">33/640</subfield>
  </datafield>
  <datafield tag="924" ind1="0" ind2=" ">
    <subfield code="a">3184083470</subfield>
    <subfield code="b">DE-16-160</subfield>
    <subfield code="9">16/160</subfield>
    <subfield code="c">BSZ</subfield>
    <subfield code="d">c</subfield>
    <subfield code="g">WS/QX 000 K21</subfield>
  </datafield>
  <datafield tag="924" ind1="0" ind2=" ">
    <subfield code="a">3184083535</subfield>
    <subfield code="b">DE-Sp3</subfield>
    <subfield code="9">Sp 3</subfield>
    <subfield code="c">BSZ</subfield>
    <subfield code="d">b</subfield>
    <subfield code="g">D II e 445</subfield>
  </datafield>
  <datafield tag="924" ind1="0" ind2=" ">
    <subfield code="a">3184083624</subfield>
    <subfield code="b">DE-Mit1</subfield>
    <subfield code="9">Mit 1</subfield>
    <subfield code="c">BSZ</subfield>
    <subfield code="d">c</subfield>
  </datafield>
  <datafield tag="924" ind1="0" ind2=" ">
    <subfield code="a">3184083675</subfield>
    <subfield code="b">DE-Frei26</subfield>
    <subfield code="9">Frei 26</subfield>
    <subfield code="c">BSZ</subfield>
    <subfield code="d">c</subfield>
    <subfield code="g">BB 6858/1</subfield>
  </datafield>
  <datafield tag="924" ind1="0" ind2=" ">
    <subfield code="a">318408373X</subfield>
    <subfield code="b">DE-Kh1</subfield>
    <subfield code="9">Kh 1</subfield>
    <subfield code="c">BSZ</subfield>
    <subfield code="d">c</subfield>
  </datafield>
  <datafield tag="924" ind1="0" ind2=" ">
    <subfield code="a">3184083780</subfield>
    <subfield code="b">DE-753</subfield>
    <subfield code="9">753</subfield>
    <subfield code="c">BSZ</subfield>
    <subfield code="d">c</subfield>
    <subfield code="g">D 7846</subfield>
  </datafield>
  <datafield tag="924" ind1="0" ind2=" ">
    <subfield code="a">3184083837</subfield>
    <subfield code="b">DE-F43</subfield>
    <subfield code="9">F 43</subfield>
    <subfield code="c">BSZ</subfield>
    <subfield code="d">b</subfield>
  </datafield>
  <datafield tag="935" ind1=" " ind2=" ">
    <subfield code="i">Blocktest</subfield>
  </datafield>
  <datafield tag="936" ind1="r" ind2="v">
    <subfield code="a">MS 7200</subfield>
    <subfield code="b">Schulformen und Bildungsinstitutionen (Kindergarten)</subfield>
    <subfield code="k">Soziologie</subfield>
    <subfield code="k">Spezielle Soziologien</subfield>
    <subfield code="k">Pädagogische Soziologie</subfield>
    <subfield code="k">Schulsoziologie</subfield>
    <subfield code="k">Schulformen und Bildungsinstitutionen (Kindergarten)</subfield>
    <subfield code="0">(DE-627)1271441616</subfield>
    <subfield code="0">(DE-625)rvk/123782:</subfield>
    <subfield code="0">(DE-576)201441616</subfield>
  </datafield>
  <datafield tag="936" ind1="r" ind2="v">
    <subfield code="a">QX 000</subfield>
    <subfield code="b">Allgemeines. Soziale Sicherheit</subfield>
    <subfield code="k">Wirtschaftswissenschaften</subfield>
    <subfield code="k">Sozialpolitik. Gesundheitswesen. Bildungsökonomie</subfield>
    <subfield code="k">Allgemeines. Soziale Sicherheit</subfield>
    <subfield code="0">(DE-627)1271265311</subfield>
    <subfield code="0">(DE-625)rvk/142178:</subfield>
    <subfield code="0">(DE-576)201265311</subfield>
  </datafield>
  <datafield tag="936" ind1="r" ind2="v">
    <subfield code="a">MS 6470</subfield>
    <subfield code="b">Sozialarbeit; Hilfsorganisation, Rehabilitation, Sozialpädagogik, Resozialisierung, Bewährungshilfe</subfield>
    <subfield code="k">Soziologie</subfield>
    <subfield code="k">Spezielle Soziologien</subfield>
    <subfield code="k">Soziale Probleme</subfield>
    <subfield code="k">Sozialarbeit; Hilfsorganisation, Rehabilitation, Sozialpädagogik, Resozialisierung, Bewährungshilfe</subfield>
    <subfield code="0">(DE-627)1270651951</subfield>
    <subfield code="0">(DE-625)rvk/123756:</subfield>
    <subfield code="0">(DE-576)200651951</subfield>
  </datafield>
<datafield tag="690" ind1="H" ind2="D">
            <subfield code="8">YL7</subfield>
            <subfield code="a">Wirtschaftswissenschaften : Finanzwissenschaft. Betriebswirtschaftliche Steuerlehre : Finanzpolitik. Fiscal Policy. Finanzwirtschaft und Finanzpolitik einzelner Länder</subfield>
            <subfield code="2">HSG-IFF</subfield>
        </datafield></record>