<record xmlns="http://www.loc.gov/MARC21/slim">
  <leader>04100cam a2200721   4500</leader>
  <controlfield tag="001">(DE-627)196962021</controlfield>
  <controlfield tag="003">DE-627</controlfield>
  <controlfield tag="005">20190317220721.0</controlfield>
  <controlfield tag="007">tu</controlfield>
  <controlfield tag="008">960427s1981    xx |||||      00| ||ger c</controlfield>
  <datafield tag="015" ind1=" " ind2=" ">
    <subfield code="a">80,N45,0099</subfield>
    <subfield code="2">dnb</subfield>
  </datafield>
  <datafield tag="015" ind1=" " ind2=" ">
    <subfield code="a">81,A23,0151</subfield>
    <subfield code="2">dnb</subfield>
  </datafield>
  <datafield tag="016" ind1="7" ind2=" ">
    <subfield code="a">800081846</subfield>
    <subfield code="2">DE-101</subfield>
  </datafield>
  <datafield tag="020" ind1=" " ind2=" ">
    <subfield code="a">3261048395</subfield>
  </datafield>
  <datafield tag="035" ind1=" " ind2=" ">
    <subfield code="a">(DE-627)196962021</subfield>
  </datafield>
  <datafield tag="035" ind1=" " ind2=" ">
    <subfield code="a">(DE-576)033555133</subfield>
  </datafield>
  <datafield tag="035" ind1=" " ind2=" ">
    <subfield code="a">(DE-599)GBV196962021</subfield>
  </datafield>
  <datafield tag="035" ind1=" " ind2=" ">
    <subfield code="a">(OCoLC)8732346</subfield>
  </datafield>
  <datafield tag="035" ind1=" " ind2=" ">
    <subfield code="a">(OCoLC)08732346</subfield>
  </datafield>
  <datafield tag="040" ind1=" " ind2=" ">
    <subfield code="a">DE-627</subfield>
    <subfield code="b">ger</subfield>
    <subfield code="c">DE-627</subfield>
    <subfield code="e">rakwb</subfield>
  </datafield>
  <datafield tag="041" ind1=" " ind2=" ">
    <subfield code="a">ger</subfield>
  </datafield>
  <datafield tag="044" ind1=" " ind2=" ">
    <subfield code="c">XA-CH</subfield>
  </datafield>
  <datafield tag="082" ind1="0" ind2=" ">
    <subfield code="a">307.2094943</subfield>
    <subfield code="q">OCLC</subfield>
  </datafield>
  <datafield tag="084" ind1=" " ind2=" ">
    <subfield code="a">05b</subfield>
    <subfield code="2">sdnb</subfield>
  </datafield>
  <datafield tag="084" ind1=" " ind2=" ">
    <subfield code="a">RK 40595</subfield>
    <subfield code="2">rvk</subfield>
  </datafield>
  <datafield tag="084" ind1=" " ind2=" ">
    <subfield code="a">RK 35595</subfield>
    <subfield code="2">rvk</subfield>
  </datafield>
  <datafield tag="084" ind1=" " ind2=" ">
    <subfield code="a">MS 1720</subfield>
    <subfield code="2">rvk</subfield>
  </datafield>
  <datafield tag="084" ind1=" " ind2=" ">
    <subfield code="a">RK 40594</subfield>
    <subfield code="2">rvk</subfield>
  </datafield>
  <datafield tag="084" ind1=" " ind2=" ">
    <subfield code="a">74.80</subfield>
    <subfield code="9">Demographie</subfield>
    <subfield code="2">bkl</subfield>
  </datafield>
  <datafield tag="084" ind1=" " ind2=" ">
    <subfield code="a">71.49</subfield>
    <subfield code="9">Soziale Prozesse: Sonstiges</subfield>
    <subfield code="2">bkl</subfield>
  </datafield>
  <datafield tag="084" ind1=" " ind2=" ">
    <subfield code="a">74.12</subfield>
    <subfield code="9">Stadtgeographie</subfield>
    <subfield code="2">bkl</subfield>
  </datafield>
  <datafield tag="245" ind1="1" ind2="0">
    <subfield code="a">Von der Land- zur Stadtflucht</subfield>
    <subfield code="b">Bestimmungsfaktoren der Bevölkerungswanderungen in der Region Basel</subfield>
    <subfield code="c">hrsg. von René L. Frey</subfield>
  </datafield>
  <datafield tag="264" ind1=" " ind2="1">
    <subfield code="a">Bern</subfield>
    <subfield code="a">Frankfurt am Main</subfield>
    <subfield code="b">Lang</subfield>
    <subfield code="c">1981</subfield>
  </datafield>
  <datafield tag="300" ind1=" " ind2=" ">
    <subfield code="a">210 S</subfield>
    <subfield code="b">graph. Darst.</subfield>
  </datafield>
  <datafield tag="336" ind1=" " ind2=" ">
    <subfield code="a">Text</subfield>
    <subfield code="b">txt</subfield>
    <subfield code="2">rdacontent</subfield>
  </datafield>
  <datafield tag="337" ind1=" " ind2=" ">
    <subfield code="a">ohne Hilfsmittel zu benutzen</subfield>
    <subfield code="b">n</subfield>
    <subfield code="2">rdamedia</subfield>
  </datafield>
  <datafield tag="338" ind1=" " ind2=" ">
    <subfield code="a">Band</subfield>
    <subfield code="b">nc</subfield>
    <subfield code="2">rdacarrier</subfield>
  </datafield>
  <datafield tag="490" ind1="1" ind2=" ">
    <subfield code="a">Schriften des Forschungsinstituts für Föderalismus und Regionalstrukturen, Riehen/Basel</subfield>
    <subfield code="v">Nr. 6</subfield>
  </datafield>
  <datafield tag="500" ind1=" " ind2=" ">
    <subfield code="a">Literaturangaben.</subfield>
  </datafield>
  <datafield tag="591" ind1=" " ind2=" ">
    <subfield code="a">SW 580 klub/sro ; 720 ff. bvb ; IMD-Felder und 1131 maschinell ergänzt (SWB)</subfield>
  </datafield>
  <datafield tag="689" ind1="0" ind2="0">
    <subfield code="D">s</subfield>
    <subfield code="0">(DE-588)4034288-8</subfield>
    <subfield code="0">(DE-627)10625345X</subfield>
    <subfield code="0">(DE-576)209006110</subfield>
    <subfield code="a">Landflucht</subfield>
    <subfield code="2">gnd</subfield>
  </datafield>
  <datafield tag="689" ind1="0" ind2="1">
    <subfield code="D">g</subfield>
    <subfield code="0">(DE-588)4004620-5</subfield>
    <subfield code="0">(DE-627)106384945</subfield>
    <subfield code="0">(DE-576)208856943</subfield>
    <subfield code="a">Basel</subfield>
    <subfield code="z">Region</subfield>
    <subfield code="2">gnd</subfield>
  </datafield>
  <datafield tag="689" ind1="0" ind2=" ">
    <subfield code="5">DE-576</subfield>
  </datafield>
  <datafield tag="700" ind1="1" ind2=" ">
    <subfield code="a">Frey, René Leo</subfield>
    <subfield code="e">Hrsg.</subfield>
    <subfield code="4">edt</subfield>
  </datafield>
  <datafield tag="700" ind1="1" ind2=" ">
    <subfield code="a">Frey, René L.</subfield>
    <subfield code="d">1939-</subfield>
    <subfield code="e">Hrsg.</subfield>
    <subfield code="0">(DE-588)118056638</subfield>
    <subfield code="0">(DE-627)079216552</subfield>
    <subfield code="0">(DE-576)161010482</subfield>
    <subfield code="4">edt</subfield>
  </datafield>
  <datafield tag="810" ind1="2" ind2=" ">
    <subfield code="a">Forschungsinstitut für Föderalismus und Regionalstrukturen</subfield>
    <subfield code="g">Riehen</subfield>
    <subfield code="t">Schriften des Forschungsinstituts für Föderalismus und Regionalstrukturen</subfield>
    <subfield code="v">6</subfield>
    <subfield code="g">600</subfield>
    <subfield code="w">(DE-627)130251585</subfield>
    <subfield code="w">(DE-576)005920760</subfield>
    <subfield code="0">(DE-600)552317-5</subfield>
  </datafield>
  <datafield tag="924" ind1="1" ind2=" ">
    <subfield code="a">183351436</subfield>
    <subfield code="b">DE-46</subfield>
    <subfield code="c">GBV</subfield>
    <subfield code="d">L</subfield>
    <subfield code="g">a sow 185.5 3ea/845</subfield>
  </datafield>
  <datafield tag="924" ind1="1" ind2=" ">
    <subfield code="a">753912333</subfield>
    <subfield code="b">DE-206</subfield>
    <subfield code="c">GBV</subfield>
    <subfield code="d">L</subfield>
    <subfield code="g">B 175233</subfield>
    <subfield code="i">K:</subfield>
  </datafield>
  <datafield tag="924" ind1="1" ind2=" ">
    <subfield code="a">782536107</subfield>
    <subfield code="b">DE-715</subfield>
    <subfield code="c">GBV</subfield>
    <subfield code="d">L</subfield>
    <subfield code="g">rau 602 AT 4261</subfield>
  </datafield>
  <datafield tag="924" ind1="1" ind2=" ">
    <subfield code="a">416473679</subfield>
    <subfield code="b">DE-1373</subfield>
    <subfield code="c">GBV</subfield>
    <subfield code="d">L</subfield>
    <subfield code="g">2405-0117</subfield>
    <subfield code="i">AV-M</subfield>
  </datafield>
  <datafield tag="924" ind1="1" ind2=" ">
    <subfield code="a">3181283991</subfield>
    <subfield code="b">DE-21-19</subfield>
    <subfield code="9">21/19</subfield>
    <subfield code="c">BSZ</subfield>
    <subfield code="d">b</subfield>
    <subfield code="g">Gg 190</subfield>
    <subfield code="9">p</subfield>
  </datafield>
  <datafield tag="924" ind1="1" ind2=" ">
    <subfield code="a">3181284084</subfield>
    <subfield code="b">DE-25</subfield>
    <subfield code="9">25</subfield>
    <subfield code="c">BSZ</subfield>
    <subfield code="d">c</subfield>
    <subfield code="g">SW 81/232</subfield>
  </datafield>
  <datafield tag="924" ind1="1" ind2=" ">
    <subfield code="a">3181284149</subfield>
    <subfield code="b">DE-291</subfield>
    <subfield code="9">291</subfield>
    <subfield code="c">BSZ</subfield>
    <subfield code="d">c</subfield>
    <subfield code="g">82-3683</subfield>
  </datafield>
  <datafield tag="924" ind1="1" ind2=" ">
    <subfield code="a">318128419X</subfield>
    <subfield code="b">DE-15</subfield>
    <subfield code="9">15</subfield>
    <subfield code="c">BSZ</subfield>
    <subfield code="d">c</subfield>
  </datafield>
  <datafield tag="924" ind1="1" ind2=" ">
    <subfield code="a">3181284262</subfield>
    <subfield code="b">DE-16</subfield>
    <subfield code="9">16</subfield>
    <subfield code="c">BSZ</subfield>
    <subfield code="d">c</subfield>
    <subfield code="g">81 A 6484</subfield>
  </datafield>
  <datafield tag="924" ind1="1" ind2=" ">
    <subfield code="a">3181284300</subfield>
    <subfield code="b">DE-31</subfield>
    <subfield code="9">31</subfield>
    <subfield code="c">BSZ</subfield>
    <subfield code="d">c</subfield>
    <subfield code="g">81 A 7104</subfield>
  </datafield>
  <datafield tag="924" ind1="1" ind2=" ">
    <subfield code="a">3181284378</subfield>
    <subfield code="b">DE-Sp3</subfield>
    <subfield code="9">Sp 3</subfield>
    <subfield code="c">BSZ</subfield>
    <subfield code="d">b</subfield>
    <subfield code="g">D III a 741</subfield>
    <subfield code="9">p</subfield>
  </datafield>
  <datafield tag="924" ind1="1" ind2=" ">
    <subfield code="a">3181284432</subfield>
    <subfield code="b">DE-Kh1</subfield>
    <subfield code="9">Kh 1</subfield>
    <subfield code="c">BSZ</subfield>
    <subfield code="d">c</subfield>
  </datafield>
  <datafield tag="935" ind1=" " ind2=" ">
    <subfield code="i">Blocktest</subfield>
  </datafield>
  <datafield tag="936" ind1="r" ind2="v">
    <subfield code="a">RK 40595</subfield>
    <subfield code="b">Binnen- und Pendelwanderung</subfield>
    <subfield code="k">Geografie</subfield>
    <subfield code="k">Regionale Geografie</subfield>
    <subfield code="k">Europa</subfield>
    <subfield code="k">Mitteleuropa</subfield>
    <subfield code="k">Alpenländer</subfield>
    <subfield code="k">Schweiz</subfield>
    <subfield code="k">Schweizer Mittelland</subfield>
    <subfield code="k">Allgemeine Geografie</subfield>
    <subfield code="k">Anthropogeografie</subfield>
    <subfield code="k">Bevölkerungsgeografie</subfield>
    <subfield code="k">Derzeitige Bevölkerungsverhältnisse</subfield>
    <subfield code="k">Binnen- und Pendelwanderung</subfield>
    <subfield code="0">1271769514</subfield>
    <subfield code="0">(DE-627)1271769514</subfield>
    <subfield code="0">(DE-576)201769514</subfield>
    <subfield code="0">(DE-625)rvk/142344:12789</subfield>
  </datafield>
  <datafield tag="936" ind1="r" ind2="v">
    <subfield code="a">RK 35595</subfield>
    <subfield code="b">Binnen- und Pendelwanderung</subfield>
    <subfield code="k">Geografie</subfield>
    <subfield code="k">Regionale Geografie</subfield>
    <subfield code="k">Europa</subfield>
    <subfield code="k">Mitteleuropa</subfield>
    <subfield code="k">Alpenländer</subfield>
    <subfield code="k">Schweiz</subfield>
    <subfield code="k">Schweizer Jura</subfield>
    <subfield code="k">Allgemeine Geografie</subfield>
    <subfield code="k">Anthropogeografie</subfield>
    <subfield code="k">Bevölkerungsgeografie</subfield>
    <subfield code="k">Derzeitige Bevölkerungsverhältnisse</subfield>
    <subfield code="k">Binnen- und Pendelwanderung</subfield>
    <subfield code="0">127151723X</subfield>
    <subfield code="0">(DE-627)127151723X</subfield>
    <subfield code="0">(DE-576)20151723X</subfield>
    <subfield code="0">(DE-625)rvk/142343:12789</subfield>
  </datafield>
  <datafield tag="936" ind1="r" ind2="v">
    <subfield code="a">MS 1720</subfield>
    <subfield code="b">Land-Stadtwanderung, Urbanisierung</subfield>
    <subfield code="k">Soziologie</subfield>
    <subfield code="k">Spezielle Soziologien</subfield>
    <subfield code="k">Gemeindesoziologie</subfield>
    <subfield code="k">Land-Stadtwanderung, Urbanisierung</subfield>
    <subfield code="0">1271440911</subfield>
    <subfield code="0">(DE-627)1271440911</subfield>
    <subfield code="0">(DE-576)201440911</subfield>
    <subfield code="0">(DE-625)rvk/123611:</subfield>
  </datafield>
  <datafield tag="936" ind1="r" ind2="v">
    <subfield code="a">RK 40594</subfield>
    <subfield code="b">Aus-und Einwanderung, Rückwanderung</subfield>
    <subfield code="k">Geografie</subfield>
    <subfield code="k">Regionale Geografie</subfield>
    <subfield code="k">Europa</subfield>
    <subfield code="k">Mitteleuropa</subfield>
    <subfield code="k">Alpenländer</subfield>
    <subfield code="k">Schweiz</subfield>
    <subfield code="k">Schweizer Mittelland</subfield>
    <subfield code="k">Allgemeine Geografie</subfield>
    <subfield code="k">Anthropogeografie</subfield>
    <subfield code="k">Bevölkerungsgeografie</subfield>
    <subfield code="k">Derzeitige Bevölkerungsverhältnisse</subfield>
    <subfield code="k">Aus-und Einwanderung, Rückwanderung</subfield>
    <subfield code="0">1271769522</subfield>
    <subfield code="0">(DE-627)1271769522</subfield>
    <subfield code="0">(DE-576)201769522</subfield>
    <subfield code="0">(DE-625)rvk/142344:12788</subfield>
  </datafield>
<datafield tag="690" ind1="H" ind2="D">
            <subfield code="8">YY</subfield>
            <subfield code="a">Wirtschaftswissenschaften : Regionale Wirtschaftspolitik. Stadtplanung</subfield>
            <subfield code="2">HSG-IFF</subfield>
        </datafield></record>