<record xmlns="http://www.loc.gov/MARC21/slim">
  <leader>03411cam a2200721   4500</leader>
  <controlfield tag="001">(DE-627)25520020X</controlfield>
  <controlfield tag="003">DE-627</controlfield>
  <controlfield tag="005">20171109131557.0</controlfield>
  <controlfield tag="007">tu</controlfield>
  <controlfield tag="008">870626s1986    xx |||||      00| ||eng c</controlfield>
  <datafield tag="016" ind1="7" ind2=" ">
    <subfield code="a">b8610237</subfield>
    <subfield code="2">UK</subfield>
  </datafield>
  <datafield tag="020" ind1=" " ind2=" ">
    <subfield code="a">0631144498</subfield>
  </datafield>
  <datafield tag="035" ind1=" " ind2=" ">
    <subfield code="a">(DE-627)25520020X</subfield>
  </datafield>
  <datafield tag="035" ind1=" " ind2=" ">
    <subfield code="a">(DE-576)012893757</subfield>
  </datafield>
  <datafield tag="035" ind1=" " ind2=" ">
    <subfield code="a">(DE-599)GBV25520020X</subfield>
  </datafield>
  <datafield tag="035" ind1=" " ind2=" ">
    <subfield code="a">(OCoLC)230840220</subfield>
  </datafield>
  <datafield tag="035" ind1=" " ind2=" ">
    <subfield code="a">(OCoLC)13334084</subfield>
  </datafield>
  <datafield tag="035" ind1=" " ind2=" ">
    <subfield code="a">(OCoLC)230840220</subfield>
  </datafield>
  <datafield tag="035" ind1=" " ind2=" ">
    <subfield code="a">(DE-604)8006129358</subfield>
  </datafield>
  <datafield tag="040" ind1=" " ind2=" ">
    <subfield code="a">DE-627</subfield>
    <subfield code="b">ger</subfield>
    <subfield code="c">DE-627</subfield>
    <subfield code="e">rakwb</subfield>
  </datafield>
  <datafield tag="041" ind1=" " ind2=" ">
    <subfield code="a">eng</subfield>
  </datafield>
  <datafield tag="044" ind1=" " ind2=" ">
    <subfield code="c">XA-GB</subfield>
  </datafield>
  <datafield tag="082" ind1="0" ind2=" ">
    <subfield code="a">320.1'01</subfield>
  </datafield>
  <datafield tag="082" ind1="0" ind2=" ">
    <subfield code="a">330.1</subfield>
  </datafield>
  <datafield tag="082" ind1="0" ind2=" ">
    <subfield code="a">320.1/01</subfield>
  </datafield>
  <datafield tag="084" ind1=" " ind2=" ">
    <subfield code="a">QC 160</subfield>
    <subfield code="2">rvk</subfield>
  </datafield>
  <datafield tag="100" ind1="1" ind2=" ">
    <subfield code="a">Sugden, Robert</subfield>
    <subfield code="d">1949-</subfield>
    <subfield code="0">(DE-588)170120813</subfield>
    <subfield code="0">(DE-627)060156635</subfield>
    <subfield code="0">(DE-576)131030078</subfield>
  </datafield>
  <datafield tag="245" ind1="1" ind2="4">
    <subfield code="a">The economics of rights, co-operation and welfare</subfield>
    <subfield code="c">Robert Sugden</subfield>
  </datafield>
  <datafield tag="250" ind1=" " ind2=" ">
    <subfield code="a">1. publ</subfield>
  </datafield>
  <datafield tag="264" ind1=" " ind2="1">
    <subfield code="a">Oxford [u.a.]</subfield>
    <subfield code="b">Blackwell</subfield>
    <subfield code="c">1986</subfield>
  </datafield>
  <datafield tag="300" ind1=" " ind2=" ">
    <subfield code="a">VII, 191 S.</subfield>
    <subfield code="b">graph. Darst.</subfield>
  </datafield>
  <datafield tag="336" ind1=" " ind2=" ">
    <subfield code="a">Text</subfield>
    <subfield code="b">txt</subfield>
    <subfield code="2">rdacontent</subfield>
  </datafield>
  <datafield tag="337" ind1=" " ind2=" ">
    <subfield code="a">ohne Hilfsmittel zu benutzen</subfield>
    <subfield code="b">n</subfield>
    <subfield code="2">rdamedia</subfield>
  </datafield>
  <datafield tag="338" ind1=" " ind2=" ">
    <subfield code="a">Band</subfield>
    <subfield code="b">nc</subfield>
    <subfield code="2">rdacarrier</subfield>
  </datafield>
  <datafield tag="591" ind1=" " ind2=" ">
    <subfield code="a">720 ff. bvb; 580 ff. bvb ; 720 ff. (DDC): GBV/LOC ; IMD-Felder und 1131 maschinell ergänzt (SWB)</subfield>
  </datafield>
  <datafield tag="650" ind1=" " ind2="7">
    <subfield code="8">1.1\x</subfield>
    <subfield code="a">Spieltheorie</subfield>
    <subfield code="0">(DE-627)091390885</subfield>
    <subfield code="0">(DE-STW)15458-6</subfield>
    <subfield code="2">stw</subfield>
  </datafield>
  <datafield tag="650" ind1=" " ind2="7">
    <subfield code="8">1.2\x</subfield>
    <subfield code="a">Wirtschaftsliberalismus</subfield>
    <subfield code="0">(DE-627)091401089</subfield>
    <subfield code="0">(DE-STW)10986-6</subfield>
    <subfield code="2">stw</subfield>
  </datafield>
  <datafield tag="650" ind1=" " ind2="7">
    <subfield code="8">1.3\x</subfield>
    <subfield code="a">Eigentum</subfield>
    <subfield code="0">(DE-627)091355966</subfield>
    <subfield code="0">(DE-STW)10005-5</subfield>
    <subfield code="2">stw</subfield>
  </datafield>
  <datafield tag="650" ind1=" " ind2="7">
    <subfield code="8">1.4\x</subfield>
    <subfield code="a">Wohlfahrtsökonomik</subfield>
    <subfield code="0">(DE-627)091401550</subfield>
    <subfield code="0">(DE-STW)10113-2</subfield>
    <subfield code="2">stw</subfield>
  </datafield>
  <datafield tag="689" ind1="0" ind2="0">
    <subfield code="D">s</subfield>
    <subfield code="0">(DE-588)4056243-8</subfield>
    <subfield code="0">(DE-627)106155296</subfield>
    <subfield code="0">(DE-576)209117079</subfield>
    <subfield code="a">Spieltheorie</subfield>
    <subfield code="2">gnd</subfield>
  </datafield>
  <datafield tag="689" ind1="0" ind2="1">
    <subfield code="D">s</subfield>
    <subfield code="0">(DE-588)4037621-7</subfield>
    <subfield code="0">(DE-627)104346965</subfield>
    <subfield code="0">(DE-576)20902559X</subfield>
    <subfield code="a">Markt</subfield>
    <subfield code="2">gnd</subfield>
  </datafield>
  <datafield tag="689" ind1="0" ind2="2">
    <subfield code="D">s</subfield>
    <subfield code="0">(DE-588)4059787-8</subfield>
    <subfield code="0">(DE-627)106142275</subfield>
    <subfield code="0">(DE-576)209132256</subfield>
    <subfield code="a">Theorie</subfield>
    <subfield code="2">gnd</subfield>
  </datafield>
  <datafield tag="689" ind1="0" ind2=" ">
    <subfield code="5">DE-576</subfield>
  </datafield>
  <datafield tag="689" ind1="1" ind2="0">
    <subfield code="D">s</subfield>
    <subfield code="0">(DE-588)4056243-8</subfield>
    <subfield code="0">(DE-627)106155296</subfield>
    <subfield code="0">(DE-576)209117079</subfield>
    <subfield code="a">Spieltheorie</subfield>
    <subfield code="2">gnd</subfield>
  </datafield>
  <datafield tag="689" ind1="1" ind2="1">
    <subfield code="D">s</subfield>
    <subfield code="0">(DE-588)4066735-2</subfield>
    <subfield code="0">(DE-627)106112309</subfield>
    <subfield code="0">(DE-576)209166126</subfield>
    <subfield code="a">Wohlfahrtstheorie</subfield>
    <subfield code="2">gnd</subfield>
  </datafield>
  <datafield tag="689" ind1="1" ind2=" ">
    <subfield code="5">DE-576</subfield>
  </datafield>
  <datafield tag="689" ind1="2" ind2="0">
    <subfield code="D">s</subfield>
    <subfield code="0">(DE-588)4117663-7</subfield>
    <subfield code="0">(DE-627)105797510</subfield>
    <subfield code="0">(DE-576)209511826</subfield>
    <subfield code="a">Wirtschaftssystem</subfield>
    <subfield code="2">gnd</subfield>
  </datafield>
  <datafield tag="689" ind1="2" ind2=" ">
    <subfield code="5">DE-576</subfield>
  </datafield>
  <datafield tag="689" ind1="3" ind2="0">
    <subfield code="D">s</subfield>
    <subfield code="0">(DE-588)4066735-2</subfield>
    <subfield code="0">(DE-627)106112309</subfield>
    <subfield code="0">(DE-576)209166126</subfield>
    <subfield code="a">Wohlfahrtstheorie</subfield>
    <subfield code="2">gnd</subfield>
  </datafield>
  <datafield tag="689" ind1="3" ind2=" ">
    <subfield code="5">DE-576</subfield>
  </datafield>
  <datafield tag="689" ind1="4" ind2="0">
    <subfield code="D">s</subfield>
    <subfield code="0">(DE-588)4077620-7</subfield>
    <subfield code="0">(DE-627)106079611</subfield>
    <subfield code="0">(DE-576)209205822</subfield>
    <subfield code="a">Sozialvertrag</subfield>
    <subfield code="2">gnd</subfield>
  </datafield>
  <datafield tag="689" ind1="4" ind2=" ">
    <subfield code="5">DE-576</subfield>
  </datafield>
  <datafield tag="924" ind1="0" ind2=" ">
    <subfield code="a">323699049</subfield>
    <subfield code="b">DE-206</subfield>
    <subfield code="c">GBV</subfield>
    <subfield code="d">c</subfield>
    <subfield code="g">B 214863</subfield>
    <subfield code="h">K:</subfield>
  </datafield>
  <datafield tag="924" ind1="0" ind2=" ">
    <subfield code="a">872684385</subfield>
    <subfield code="b">DE-206</subfield>
    <subfield code="c">GBV</subfield>
    <subfield code="d">c</subfield>
    <subfield code="g">1990 A 43</subfield>
    <subfield code="h">H:</subfield>
  </datafield>
  <datafield tag="924" ind1="0" ind2=" ">
    <subfield code="a">3263640984</subfield>
    <subfield code="b">DE-25</subfield>
    <subfield code="9">25</subfield>
    <subfield code="c">BSZ</subfield>
    <subfield code="d">c</subfield>
    <subfield code="g">SW 86/1889</subfield>
  </datafield>
  <datafield tag="924" ind1="0" ind2=" ">
    <subfield code="a">3263641042</subfield>
    <subfield code="b">DE-291-109</subfield>
    <subfield code="9">291/109</subfield>
    <subfield code="c">BSZ</subfield>
    <subfield code="d">b</subfield>
    <subfield code="9">p</subfield>
  </datafield>
  <datafield tag="924" ind1="0" ind2=" ">
    <subfield code="a">3263641123</subfield>
    <subfield code="b">DE-352</subfield>
    <subfield code="9">352</subfield>
    <subfield code="c">BSZ</subfield>
    <subfield code="d">c</subfield>
    <subfield code="g">wrq 210/s96</subfield>
  </datafield>
  <datafield tag="924" ind1="0" ind2=" ">
    <subfield code="a">3263641247</subfield>
    <subfield code="b">DE-180</subfield>
    <subfield code="9">180</subfield>
    <subfield code="c">BSZ</subfield>
    <subfield code="d">c</subfield>
    <subfield code="g">AM 6421</subfield>
    <subfield code="h">MAG06</subfield>
  </datafield>
  <datafield tag="924" ind1="0" ind2=" ">
    <subfield code="a">3263641255</subfield>
    <subfield code="b">DE-180</subfield>
    <subfield code="9">180</subfield>
    <subfield code="c">BSZ</subfield>
    <subfield code="d">d</subfield>
    <subfield code="g">300 QC 160 S947</subfield>
    <subfield code="h">300</subfield>
  </datafield>
  <datafield tag="924" ind1="0" ind2=" ">
    <subfield code="a">3263641328</subfield>
    <subfield code="b">DE-16-160</subfield>
    <subfield code="9">16/160</subfield>
    <subfield code="c">BSZ</subfield>
    <subfield code="d">c</subfield>
    <subfield code="g">WS/QC 160 S947</subfield>
  </datafield>
  <datafield tag="924" ind1="0" ind2=" ">
    <subfield code="a">3263641387</subfield>
    <subfield code="b">DE-Sp3</subfield>
    <subfield code="9">Sp 3</subfield>
    <subfield code="c">BSZ</subfield>
    <subfield code="d">b</subfield>
    <subfield code="g">C V 5897</subfield>
    <subfield code="9">p</subfield>
  </datafield>
  <datafield tag="935" ind1=" " ind2=" ">
    <subfield code="i">Blocktest</subfield>
  </datafield>
  <datafield tag="936" ind1="r" ind2="v">
    <subfield code="a">QC 160</subfield>
    <subfield code="b">Welfare Economics. Normative Theorie. Werturteilsproblem</subfield>
    <subfield code="k">Wirtschaftswissenschaften</subfield>
    <subfield code="k">Wirtschaftstheorie, einschließlich Geldtheorie</subfield>
    <subfield code="k">Wert-, Preis- und Allokationstheorie</subfield>
    <subfield code="k">Preis und Märkte. Unternehmenstheorie. Theorie des Industriezweiges (Branche oder Teilaggregat). Institutionenökonomie</subfield>
    <subfield code="k">Welfare Economics. Normative Theorie. Werturteilsproblem</subfield>
    <subfield code="0">127149714X</subfield>
    <subfield code="0">(DE-627)127149714X</subfield>
    <subfield code="0">(DE-576)20149714X</subfield>
    <subfield code="0">(DE-625)rvk/141257:</subfield>
  </datafield>
<datafield tag="690" ind1="H" ind2="D">
            <subfield code="8">YC</subfield>
            <subfield code="a">Wirtschaftswissenschaften : Wirtschaftstheorie, einschliesslich Geldtheorie</subfield>
            <subfield code="2">HSG-IFF</subfield>
        </datafield></record>