<record xmlns="http://www.loc.gov/MARC21/slim">
  <leader>01928cam a2200397   4500</leader>
  <controlfield tag="001">(DE-627)1615008861</controlfield>
  <controlfield tag="003">DE-627</controlfield>
  <controlfield tag="005">20180717165433.0</controlfield>
  <controlfield tag="007">tu</controlfield>
  <controlfield tag="008">850101s1982    xx |||||      00| ||eng c</controlfield>
  <datafield tag="020" ind1=" " ind2=" ">
    <subfield code="a">0917616480</subfield>
  </datafield>
  <datafield tag="020" ind1=" " ind2=" ">
    <subfield code="a">0917616499</subfield>
  </datafield>
  <datafield tag="035" ind1=" " ind2=" ">
    <subfield code="a">(DE-627)1615008861</subfield>
  </datafield>
  <datafield tag="035" ind1=" " ind2=" ">
    <subfield code="a">(DE-576)009191976</subfield>
  </datafield>
  <datafield tag="035" ind1=" " ind2=" ">
    <subfield code="a">(DE-599)BSZ009191976</subfield>
  </datafield>
  <datafield tag="035" ind1=" " ind2=" ">
    <subfield code="a">(OCoLC)08533039</subfield>
  </datafield>
  <datafield tag="040" ind1=" " ind2=" ">
    <subfield code="a">DE-627</subfield>
    <subfield code="b">ger</subfield>
    <subfield code="c">DE-627</subfield>
    <subfield code="e">rakwb</subfield>
  </datafield>
  <datafield tag="041" ind1=" " ind2=" ">
    <subfield code="a">eng</subfield>
  </datafield>
  <datafield tag="082" ind1="0" ind2=" ">
    <subfield code="a">353.0072/2</subfield>
  </datafield>
  <datafield tag="084" ind1=" " ind2=" ">
    <subfield code="a">MG 70910</subfield>
    <subfield code="2">rvk</subfield>
  </datafield>
  <datafield tag="245" ind1="1" ind2="4">
    <subfield code="a">The federal budget</subfield>
    <subfield code="b">economics and politics</subfield>
    <subfield code="c">Aaron Wildavsky ... eds. James W. Abellera ... Institute for Contemporary Studies, San Francisco, Calif.</subfield>
  </datafield>
  <datafield tag="264" ind1=" " ind2="1">
    <subfield code="a">San Francisco, Calif.</subfield>
    <subfield code="b">Inst. for Contemporary Studies</subfield>
    <subfield code="c">1982</subfield>
  </datafield>
  <datafield tag="300" ind1=" " ind2=" ">
    <subfield code="a">XII, 411 S.</subfield>
    <subfield code="b">graph. Darst.</subfield>
  </datafield>
  <datafield tag="336" ind1=" " ind2=" ">
    <subfield code="a">Text</subfield>
    <subfield code="b">txt</subfield>
    <subfield code="2">rdacontent</subfield>
  </datafield>
  <datafield tag="337" ind1=" " ind2=" ">
    <subfield code="a">ohne Hilfsmittel zu benutzen</subfield>
    <subfield code="b">n</subfield>
    <subfield code="2">rdamedia</subfield>
  </datafield>
  <datafield tag="338" ind1=" " ind2=" ">
    <subfield code="a">Band</subfield>
    <subfield code="b">nc</subfield>
    <subfield code="2">rdacarrier</subfield>
  </datafield>
  <datafield tag="591" ind1=" " ind2=" ">
    <subfield code="a">5090 maschinell aus ähnlichen Titelaufnahmen ergänzt ; IMD-Felder und 1131 maschinell ergänzt (SWB)</subfield>
  </datafield>
  <datafield tag="700" ind1="1" ind2=" ">
    <subfield code="a">Wildavsky, Aaron B.</subfield>
    <subfield code="d">1930-1993</subfield>
    <subfield code="e">Hrsg.</subfield>
    <subfield code="0">(DE-588)120572702</subfield>
    <subfield code="0">(DE-627)060085134</subfield>
    <subfield code="0">(DE-576)163566968</subfield>
    <subfield code="4">edt</subfield>
  </datafield>
  <datafield tag="700" ind1="1" ind2=" ">
    <subfield code="a">Abellera, James W.</subfield>
    <subfield code="e">Mitarb.</subfield>
  </datafield>
  <datafield tag="710" ind1="2" ind2=" ">
    <subfield code="a">Institute for Contemporary Studies</subfield>
    <subfield code="g">San Francisco, Calif.</subfield>
    <subfield code="0">(DE-588)1042882-3</subfield>
    <subfield code="0">(DE-627)103952810</subfield>
    <subfield code="0">(DE-576)191391743</subfield>
  </datafield>
  <datafield tag="924" ind1="0" ind2=" ">
    <subfield code="a">3188403909</subfield>
    <subfield code="b">DE-25-92</subfield>
    <subfield code="9">25/92</subfield>
    <subfield code="c">BSZ</subfield>
    <subfield code="d">b</subfield>
    <subfield code="g">Frei 92: S IV 504</subfield>
    <subfield code="9">p</subfield>
  </datafield>
  <datafield tag="924" ind1="0" ind2=" ">
    <subfield code="a">3188403968</subfield>
    <subfield code="b">DE-291-109</subfield>
    <subfield code="9">291/109</subfield>
    <subfield code="c">BSZ</subfield>
    <subfield code="d">b</subfield>
    <subfield code="9">p</subfield>
  </datafield>
  <datafield tag="924" ind1="0" ind2=" ">
    <subfield code="a">3188404034</subfield>
    <subfield code="b">DE-352</subfield>
    <subfield code="9">352</subfield>
    <subfield code="c">BSZ</subfield>
    <subfield code="d">c</subfield>
    <subfield code="g">wrj 160:st80/w45</subfield>
  </datafield>
  <datafield tag="924" ind1="0" ind2=" ">
    <subfield code="a">3188404069</subfield>
    <subfield code="b">DE-180</subfield>
    <subfield code="9">180</subfield>
    <subfield code="c">BSZ</subfield>
    <subfield code="d">c</subfield>
    <subfield code="g">AJ 9738</subfield>
    <subfield code="h">MAG01</subfield>
  </datafield>
  <datafield tag="924" ind1="0" ind2=" ">
    <subfield code="a">318840414X</subfield>
    <subfield code="b">DE-Sp3</subfield>
    <subfield code="9">Sp 3</subfield>
    <subfield code="c">BSZ</subfield>
    <subfield code="d">b</subfield>
    <subfield code="9">p</subfield>
  </datafield>
  <datafield tag="936" ind1="r" ind2="v">
    <subfield code="a">MG 70910</subfield>
    <subfield code="b">Finanz-, Wirtschafts- und Agrarpolitik</subfield>
    <subfield code="k">Politologie</subfield>
    <subfield code="k">Politische Systeme einzelner Länder</subfield>
    <subfield code="k">Europa, Nordamerika</subfield>
    <subfield code="k">Nordamerika</subfield>
    <subfield code="k">USA</subfield>
    <subfield code="k">Einzelne politische Sachgebiete</subfield>
    <subfield code="k">Finanz-, Wirtschafts- und Agrarpolitik</subfield>
    <subfield code="0">1271480727</subfield>
    <subfield code="0">(DE-627)1271480727</subfield>
    <subfield code="0">(DE-576)201480727</subfield>
    <subfield code="0">(DE-625)122860:12222</subfield>
  </datafield>
<datafield tag="690" ind1="H" ind2="D">
            <subfield code="8">YL2</subfield>
            <subfield code="a">Wirtschaftswissenschaften : Finanzwissenschaft. Betriebswirtschaftliche Steuerlehre : Haushaltsaufstellung, -verwaltung und -kontrolle</subfield>
            <subfield code="2">HSG-IFF</subfield>
        </datafield></record>