<record xmlns="http://www.loc.gov/MARC21/slim">
  <leader>00933caa a22002532  4500</leader>
  <controlfield tag="001">(DE-627)486923797</controlfield>
  <controlfield tag="003">DE-627</controlfield>
  <controlfield tag="005">20170909091239.0</controlfield>
  <controlfield tag="007">tu</controlfield>
  <controlfield tag="008">050519s1976    xx |||||      00| ||und c</controlfield>
  <datafield tag="035" ind1=" " ind2=" ">
    <subfield code="a">(DE-627)486923797</subfield>
  </datafield>
  <datafield tag="035" ind1=" " ind2=" ">
    <subfield code="a">(DE-599)GBV486923797</subfield>
  </datafield>
  <datafield tag="040" ind1=" " ind2=" ">
    <subfield code="a">DE-627</subfield>
    <subfield code="b">ger</subfield>
    <subfield code="c">DE-627</subfield>
    <subfield code="e">rakwb</subfield>
  </datafield>
  <datafield tag="100" ind1="1" ind2=" ">
    <subfield code="a">Shultz, George Pratt</subfield>
    <subfield code="d">1920-</subfield>
    <subfield code="0">(DE-588)119143011</subfield>
    <subfield code="0">(DE-627)079938604</subfield>
    <subfield code="0">(DE-576)211365890</subfield>
  </datafield>
  <datafield tag="245" ind1="1" ind2="0">
    <subfield code="a">Reflections on political economy</subfield>
    <subfield code="c">George P. Shultz</subfield>
  </datafield>
  <datafield tag="264" ind1=" " ind2="1">
    <subfield code="c">1976</subfield>
  </datafield>
  <datafield tag="336" ind1=" " ind2=" ">
    <subfield code="a">Text</subfield>
    <subfield code="b">txt</subfield>
    <subfield code="2">rdacontent</subfield>
  </datafield>
  <datafield tag="337" ind1=" " ind2=" ">
    <subfield code="a">ohne Hilfsmittel zu benutzen</subfield>
    <subfield code="b">n</subfield>
    <subfield code="2">rdamedia</subfield>
  </datafield>
  <datafield tag="338" ind1=" " ind2=" ">
    <subfield code="a">Band</subfield>
    <subfield code="b">nc</subfield>
    <subfield code="2">rdacarrier</subfield>
  </datafield>
  <datafield tag="500" ind1=" " ind2=" ">
    <subfield code="a">aus: Challenge. 1974, March-April.</subfield>
  </datafield>
  <datafield tag="773" ind1="0" ind2="8">
    <subfield code="i">In</subfield>
    <subfield code="t">The economic approach to public policy</subfield>
    <subfield code="d">Ithaca [u.a.] : Cornell University Press, 1976</subfield>
    <subfield code="g">(1976), Seite 482-489</subfield>
    <subfield code="h">528 S</subfield>
    <subfield code="w">(DE-627)165428759</subfield>
    <subfield code="z">0801409144</subfield>
    <subfield code="z">0801498600</subfield>
  </datafield>
  <datafield tag="924" ind1="1" ind2=" ">
    <subfield code="a">72051116X</subfield>
    <subfield code="b">DE-206</subfield>
    <subfield code="c">GBV</subfield>
  </datafield>
  <datafield tag="935" ind1=" " ind2=" ">
    <subfield code="i">ZBWRetro</subfield>
  </datafield>
  <datafield tag="936" ind1="u" ind2="w">
    <subfield code="j">1976</subfield>
    <subfield code="h">482-489</subfield>
  </datafield>
<datafield tag="690" ind1="H" ind2="D">
            <subfield code="8">YQ</subfield>
            <subfield code="a">Wirtschaftswissenschaften : Spezielle Betriebswirtschaftslehren</subfield>
            <subfield code="2">HSG-IFF</subfield>
        </datafield></record>