<record xmlns="http://www.loc.gov/MARC21/slim">
  <leader>01054naa a2200265   4500</leader>
  <controlfield tag="001">(DE-627)1547964170</controlfield>
  <controlfield tag="003">DE-627</controlfield>
  <controlfield tag="005">20161012143643.0</controlfield>
  <controlfield tag="007">tu</controlfield>
  <controlfield tag="008">161012s2016    xx |||||      00| ||ger c</controlfield>
  <datafield tag="035" ind1=" " ind2=" ">
    <subfield code="a">(DE-627)1547964170</subfield>
  </datafield>
  <datafield tag="035" ind1=" " ind2=" ">
    <subfield code="a">(DE-576)477964176</subfield>
  </datafield>
  <datafield tag="035" ind1=" " ind2=" ">
    <subfield code="a">(DE-599)BSZ477964176</subfield>
  </datafield>
  <datafield tag="040" ind1=" " ind2=" ">
    <subfield code="a">DE-627</subfield>
    <subfield code="b">ger</subfield>
    <subfield code="c">DE-627</subfield>
    <subfield code="e">rda</subfield>
  </datafield>
  <datafield tag="041" ind1=" " ind2=" ">
    <subfield code="a">ger</subfield>
  </datafield>
  <datafield tag="100" ind1="1" ind2=" ">
    <subfield code="a">Linder, Wolf</subfield>
    <subfield code="d">1944-</subfield>
    <subfield code="e">VerfasserIn</subfield>
    <subfield code="0">(DE-588)12079313X</subfield>
    <subfield code="0">(DE-627)080890474</subfield>
    <subfield code="0">(DE-576)161998704</subfield>
    <subfield code="4">aut</subfield>
  </datafield>
  <datafield tag="245" ind1="1" ind2="0">
    <subfield code="a">Kompetenzzuordnung und Wettbewerb im Föderalismus</subfield>
    <subfield code="c">Wolf Linder</subfield>
  </datafield>
  <datafield tag="264" ind1=" " ind2="1">
    <subfield code="c">[2016]</subfield>
  </datafield>
  <datafield tag="336" ind1=" " ind2=" ">
    <subfield code="a">Text</subfield>
    <subfield code="b">txt</subfield>
    <subfield code="2">rdacontent</subfield>
  </datafield>
  <datafield tag="337" ind1=" " ind2=" ">
    <subfield code="a">ohne Hilfsmittel zu benutzen</subfield>
    <subfield code="b">n</subfield>
    <subfield code="2">rdamedia</subfield>
  </datafield>
  <datafield tag="338" ind1=" " ind2=" ">
    <subfield code="a">Band</subfield>
    <subfield code="b">nc</subfield>
    <subfield code="2">rdacarrier</subfield>
  </datafield>
  <datafield tag="773" ind1="0" ind2="8">
    <subfield code="d">Tübingen : Mohr Siebeck, 2016</subfield>
    <subfield code="g">(2016), Seite 109-120</subfield>
    <subfield code="h">XII, 197 Seiten</subfield>
    <subfield code="i">Enthalten in</subfield>
    <subfield code="z">9783161538391</subfield>
    <subfield code="z">3161538390</subfield>
    <subfield code="t">Föderalismus und Subsidiarität</subfield>
    <subfield code="w">(DE-627)827630557</subfield>
    <subfield code="w">(DE-576)435261517</subfield>
  </datafield>
  <datafield tag="924" ind1="1" ind2=" ">
    <subfield code="a">2940919089</subfield>
    <subfield code="b">DE-Ka26</subfield>
    <subfield code="9">Ka 26</subfield>
    <subfield code="c">BSZ</subfield>
    <subfield code="d">c</subfield>
    <subfield code="g">In: GN 1566</subfield>
  </datafield>
  <datafield tag="924" ind1="1" ind2=" ">
    <subfield code="a">296057575X</subfield>
    <subfield code="b">DE-Bo151</subfield>
    <subfield code="9">Bo 151</subfield>
    <subfield code="c">BSZ</subfield>
    <subfield code="d">d</subfield>
    <subfield code="g">In: PK 240 2017.34</subfield>
  </datafield>
  <datafield tag="936" ind1="u" ind2="w">
    <subfield code="j">2016</subfield>
    <subfield code="h">109-120</subfield>
  </datafield>
<datafield tag="690" ind1="H" ind2="D">
            <subfield code="8">WD</subfield>
            <subfield code="a">Sep. 08 Uebrige Literatur : Sep. 08 Diverse Gebiete, Umweltschutz</subfield>
            <subfield code="2">HSG-IFF</subfield>
        </datafield></record>