<record xmlns="http://www.loc.gov/MARC21/slim">
  <leader>01425cam a22003132 c4500</leader>
  <controlfield tag="001">(DE-627)1158334516</controlfield>
  <controlfield tag="003">DE-627</controlfield>
  <controlfield tag="005">20180724114157.0</controlfield>
  <controlfield tag="007">tu</controlfield>
  <controlfield tag="008">001124s1982    xx |||||      00| ||ger c</controlfield>
  <datafield tag="035" ind1=" " ind2=" ">
    <subfield code="a">(DE-627)1158334516</subfield>
  </datafield>
  <datafield tag="035" ind1=" " ind2=" ">
    <subfield code="a">(DE-576)088334511</subfield>
  </datafield>
  <datafield tag="035" ind1=" " ind2=" ">
    <subfield code="a">(DE-599)BSZ088334511</subfield>
  </datafield>
  <datafield tag="035" ind1=" " ind2=" ">
    <subfield code="a">(OCoLC)313521177</subfield>
  </datafield>
  <datafield tag="040" ind1=" " ind2=" ">
    <subfield code="a">DE-627</subfield>
    <subfield code="b">ger</subfield>
    <subfield code="c">DE-627</subfield>
    <subfield code="e">rakwb</subfield>
  </datafield>
  <datafield tag="041" ind1=" " ind2=" ">
    <subfield code="a">ger</subfield>
  </datafield>
  <datafield tag="084" ind1=" " ind2=" ">
    <subfield code="a">PP 8340</subfield>
    <subfield code="2">rvk</subfield>
  </datafield>
  <datafield tag="100" ind1="1" ind2=" ">
    <subfield code="a">Känzig, Ernst</subfield>
  </datafield>
  <datafield tag="245" ind1="1" ind2="4">
    <subfield code="a">Die Eidgenössische Wehrsteuer</subfield>
    <subfield code="p">1982. (Direkte Bundessteuer)</subfield>
    <subfield code="n">1</subfield>
    <subfield code="p">Art. 1 - 44 WStB, Einleitung, Wehrsteuerpflicht, Wehrsteuer natürlicher Personen</subfield>
    <subfield code="c">erl. von Ernst Känzig</subfield>
  </datafield>
  <datafield tag="250" ind1=" " ind2=" ">
    <subfield code="a">2. Aufl.</subfield>
  </datafield>
  <datafield tag="264" ind1=" " ind2="1">
    <subfield code="a">Basel</subfield>
    <subfield code="b">Verl. f. Recht u. Ges.</subfield>
    <subfield code="c">1982</subfield>
  </datafield>
  <datafield tag="300" ind1=" " ind2=" ">
    <subfield code="a">XLV, 884 S.</subfield>
  </datafield>
  <datafield tag="336" ind1=" " ind2=" ">
    <subfield code="a">Text</subfield>
    <subfield code="b">txt</subfield>
    <subfield code="2">rdacontent</subfield>
  </datafield>
  <datafield tag="337" ind1=" " ind2=" ">
    <subfield code="a">ohne Hilfsmittel zu benutzen</subfield>
    <subfield code="b">n</subfield>
    <subfield code="2">rdamedia</subfield>
  </datafield>
  <datafield tag="338" ind1=" " ind2=" ">
    <subfield code="a">Band</subfield>
    <subfield code="b">nc</subfield>
    <subfield code="2">rdacarrier</subfield>
  </datafield>
  <datafield tag="591" ind1=" " ind2=" ">
    <subfield code="a">IMD-Felder und 1131 maschinell ergänzt (SWB)</subfield>
  </datafield>
  <datafield tag="773" ind1="1" ind2="8">
    <subfield code="g">1982. (Direkte Bundessteuer) ; 1</subfield>
    <subfield code="w">(DE-627)1078031649</subfield>
    <subfield code="w">(DE-576)008031649</subfield>
    <subfield code="q">1,2,1</subfield>
  </datafield>
  <datafield tag="924" ind1="0" ind2=" ">
    <subfield code="a">2881246346</subfield>
    <subfield code="b">DE-180</subfield>
    <subfield code="9">180</subfield>
    <subfield code="c">BSZ</subfield>
    <subfield code="d">d</subfield>
    <subfield code="g">306 PP 8340 K11-1(2)</subfield>
    <subfield code="h">306</subfield>
  </datafield>
  <datafield tag="936" ind1="r" ind2="v">
    <subfield code="a">PP 8340</subfield>
    <subfield code="b">Schweiz</subfield>
    <subfield code="k">Rechtswissenschaft</subfield>
    <subfield code="k">Finanz-, Steuer- und Zollrecht</subfield>
    <subfield code="k">Ausländisches Finanz- und Steuerrecht</subfield>
    <subfield code="k">Internationales und rechtsvergleichendes Finanz- und Steuerrecht</subfield>
    <subfield code="k">Finanz- und Steuerrecht einzelner Länder</subfield>
    <subfield code="k">Europa</subfield>
    <subfield code="k">Mitteleuropa</subfield>
    <subfield code="k">Schweiz</subfield>
    <subfield code="0">1399077155</subfield>
    <subfield code="0">(DE-627)1399077155</subfield>
    <subfield code="0">(DE-576)329077155</subfield>
    <subfield code="0">(DE-625)139103:</subfield>
  </datafield>
<datafield tag="690" ind1="H" ind2="D">
            <subfield code="8">JC</subfield>
            <subfield code="a">Allgemeine Steuerrechtsliteratur : Schweizerische Kommentare und Handbücher</subfield>
            <subfield code="2">HSG-IFF</subfield>
        </datafield></record>