<record xmlns="http://www.loc.gov/MARC21/slim">
  <leader>03554cam a2200709   4500</leader>
  <controlfield tag="001">(DE-627)162645201</controlfield>
  <controlfield tag="003">DE-627</controlfield>
  <controlfield tag="005">20190318055825.0</controlfield>
  <controlfield tag="007">tu</controlfield>
  <controlfield tag="008">940908s1989    xx |||||      00| ||ger c</controlfield>
  <datafield tag="015" ind1=" " ind2=" ">
    <subfield code="a">90,A16,0344</subfield>
    <subfield code="2">dnb</subfield>
  </datafield>
  <datafield tag="016" ind1="7" ind2=" ">
    <subfield code="a">900518278</subfield>
    <subfield code="2">DE-101</subfield>
  </datafield>
  <datafield tag="020" ind1=" " ind2=" ">
    <subfield code="a">372530369X</subfield>
    <subfield code="c">: sfr 38.00 (kart.)</subfield>
  </datafield>
  <datafield tag="035" ind1=" " ind2=" ">
    <subfield code="a">(DE-627)162645201</subfield>
  </datafield>
  <datafield tag="035" ind1=" " ind2=" ">
    <subfield code="a">(DE-576)021010110</subfield>
  </datafield>
  <datafield tag="035" ind1=" " ind2=" ">
    <subfield code="a">(DE-599)GBV162645201</subfield>
  </datafield>
  <datafield tag="035" ind1=" " ind2=" ">
    <subfield code="a">(OCoLC)243421384</subfield>
  </datafield>
  <datafield tag="035" ind1=" " ind2=" ">
    <subfield code="a">(OCoLC)311285053</subfield>
  </datafield>
  <datafield tag="040" ind1=" " ind2=" ">
    <subfield code="a">DE-627</subfield>
    <subfield code="b">ger</subfield>
    <subfield code="c">DE-627</subfield>
    <subfield code="e">rakwb</subfield>
  </datafield>
  <datafield tag="041" ind1=" " ind2=" ">
    <subfield code="a">ger</subfield>
  </datafield>
  <datafield tag="044" ind1=" " ind2=" ">
    <subfield code="c">XA-CH</subfield>
  </datafield>
  <datafield tag="050" ind1=" " ind2="0">
    <subfield code="a">HD7210</subfield>
  </datafield>
  <datafield tag="084" ind1=" " ind2=" ">
    <subfield code="a">14</subfield>
    <subfield code="2">sdnb</subfield>
  </datafield>
  <datafield tag="084" ind1=" " ind2=" ">
    <subfield code="a">MG 32920</subfield>
    <subfield code="2">rvk</subfield>
  </datafield>
  <datafield tag="084" ind1=" " ind2=" ">
    <subfield code="a">QX 000</subfield>
    <subfield code="2">rvk</subfield>
  </datafield>
  <datafield tag="100" ind1="1" ind2=" ">
    <subfield code="a">Sommer, Jürg H.</subfield>
  </datafield>
  <datafield tag="245" ind1="1" ind2="0">
    <subfield code="a">Wandel der Lebensformen und soziale Sicherheit in der Schweiz</subfield>
    <subfield code="b">Forschungsstand und Wissenslücken</subfield>
    <subfield code="c">Jürg H. Sommer; François Höpflinger. Nationales Forschungsprogramm 29 : Lebensformen und soziale Sicherheit</subfield>
  </datafield>
  <datafield tag="250" ind1=" " ind2=" ">
    <subfield code="a">1. Aufl</subfield>
  </datafield>
  <datafield tag="264" ind1=" " ind2="1">
    <subfield code="a">Grüsch</subfield>
    <subfield code="b">Rüegger</subfield>
    <subfield code="c">1989</subfield>
  </datafield>
  <datafield tag="300" ind1=" " ind2=" ">
    <subfield code="a">152 S</subfield>
    <subfield code="b">graph. Darst</subfield>
    <subfield code="c">21 cm</subfield>
  </datafield>
  <datafield tag="336" ind1=" " ind2=" ">
    <subfield code="a">Text</subfield>
    <subfield code="b">txt</subfield>
    <subfield code="2">rdacontent</subfield>
  </datafield>
  <datafield tag="337" ind1=" " ind2=" ">
    <subfield code="a">ohne Hilfsmittel zu benutzen</subfield>
    <subfield code="b">n</subfield>
    <subfield code="2">rdamedia</subfield>
  </datafield>
  <datafield tag="338" ind1=" " ind2=" ">
    <subfield code="a">Band</subfield>
    <subfield code="b">nc</subfield>
    <subfield code="2">rdacarrier</subfield>
  </datafield>
  <datafield tag="500" ind1=" " ind2=" ">
    <subfield code="a">Literaturverz. S. 138 - 151.</subfield>
  </datafield>
  <datafield tag="591" ind1=" " ind2=" ">
    <subfield code="a">720 ff. bvb ; IMD-Felder und 1131 maschinell ergänzt (SWB)</subfield>
  </datafield>
  <datafield tag="653" ind1=" " ind2="0">
    <subfield code="a">Social security</subfield>
    <subfield code="a">Switzerland</subfield>
  </datafield>
  <datafield tag="653" ind1=" " ind2="0">
    <subfield code="a">Switzerland</subfield>
    <subfield code="a">Social conditions</subfield>
  </datafield>
  <datafield tag="689" ind1="0" ind2="0">
    <subfield code="D">g</subfield>
    <subfield code="0">(DE-588)4053881-3</subfield>
    <subfield code="0">(DE-627)104584904</subfield>
    <subfield code="0">(DE-576)20910614X</subfield>
    <subfield code="a">Schweiz</subfield>
    <subfield code="2">gnd</subfield>
  </datafield>
  <datafield tag="689" ind1="0" ind2="1">
    <subfield code="D">s</subfield>
    <subfield code="0">(DE-588)4077587-2</subfield>
    <subfield code="0">(DE-627)106079697</subfield>
    <subfield code="0">(DE-576)209205733</subfield>
    <subfield code="a">Sozialer Wandel</subfield>
    <subfield code="2">gnd</subfield>
  </datafield>
  <datafield tag="689" ind1="0" ind2=" ">
    <subfield code="5">DE-101</subfield>
  </datafield>
  <datafield tag="689" ind1="1" ind2="0">
    <subfield code="D">g</subfield>
    <subfield code="0">(DE-588)4053881-3</subfield>
    <subfield code="0">(DE-627)104584904</subfield>
    <subfield code="0">(DE-576)20910614X</subfield>
    <subfield code="a">Schweiz</subfield>
    <subfield code="2">gnd</subfield>
  </datafield>
  <datafield tag="689" ind1="1" ind2="1">
    <subfield code="D">s</subfield>
    <subfield code="0">(DE-588)4055732-7</subfield>
    <subfield code="0">(DE-627)106156993</subfield>
    <subfield code="0">(DE-576)209115157</subfield>
    <subfield code="a">Soziale Sicherheit</subfield>
    <subfield code="2">gnd</subfield>
  </datafield>
  <datafield tag="689" ind1="1" ind2=" ">
    <subfield code="5">DE-101</subfield>
  </datafield>
  <datafield tag="700" ind1="1" ind2=" ">
    <subfield code="a">Höpflinger, François</subfield>
    <subfield code="d">1948-</subfield>
    <subfield code="0">(DE-588)115609830</subfield>
    <subfield code="0">(DE-627)077360265</subfield>
    <subfield code="0">(DE-576)161452027</subfield>
    <subfield code="4">aut</subfield>
  </datafield>
  <datafield tag="710" ind1="2" ind2=" ">
    <subfield code="a">Schweizerischer Nationalfonds zur Förderung der Wissenschaftlichen Forschung</subfield>
    <subfield code="b">Nationales Forschungsprogramm Lebensformen und Soziale Sicherheit</subfield>
    <subfield code="0">(DE-588)2109258-8</subfield>
    <subfield code="0">(DE-627)101210566</subfield>
    <subfield code="0">(DE-576)193352710</subfield>
  </datafield>
  <datafield tag="856" ind1="4" ind2="2">
    <subfield code="u">http://d-nb.info/900518278/04</subfield>
    <subfield code="m">B:DE-101</subfield>
    <subfield code="q">application/pdf</subfield>
    <subfield code="3">Inhaltsverzeichnis</subfield>
  </datafield>
  <datafield tag="924" ind1="0" ind2=" ">
    <subfield code="a">185626963</subfield>
    <subfield code="b">DE-8</subfield>
    <subfield code="c">GBV</subfield>
    <subfield code="d">c</subfield>
    <subfield code="g">Kp 8949</subfield>
    <subfield code="h">19</subfield>
  </datafield>
  <datafield tag="924" ind1="0" ind2=" ">
    <subfield code="a">19562890X</subfield>
    <subfield code="b">DE-547</subfield>
    <subfield code="c">GBV</subfield>
    <subfield code="d">c</subfield>
    <subfield code="g">365190</subfield>
    <subfield code="h">MAG</subfield>
  </datafield>
  <datafield tag="924" ind1="0" ind2=" ">
    <subfield code="a">3340834504</subfield>
    <subfield code="b">DE-25</subfield>
    <subfield code="9">25</subfield>
    <subfield code="c">BSZ</subfield>
    <subfield code="d">c</subfield>
    <subfield code="g">SW 90/1461</subfield>
  </datafield>
  <datafield tag="924" ind1="0" ind2=" ">
    <subfield code="a">3340834520</subfield>
    <subfield code="b">DE-291</subfield>
    <subfield code="9">291</subfield>
    <subfield code="c">BSZ</subfield>
    <subfield code="d">c</subfield>
    <subfield code="g">92-6845</subfield>
  </datafield>
  <datafield tag="924" ind1="0" ind2=" ">
    <subfield code="a">3340834539</subfield>
    <subfield code="b">DE-291-313</subfield>
    <subfield code="9">291/313</subfield>
    <subfield code="c">BSZ</subfield>
    <subfield code="d">b</subfield>
    <subfield code="g">P11 11/01</subfield>
    <subfield code="h">WiSo</subfield>
    <subfield code="9">p</subfield>
  </datafield>
  <datafield tag="924" ind1="0" ind2=" ">
    <subfield code="a">3340834555</subfield>
    <subfield code="b">DE-14</subfield>
    <subfield code="9">14</subfield>
    <subfield code="c">BSZ</subfield>
    <subfield code="d">c</subfield>
  </datafield>
  <datafield tag="924" ind1="0" ind2=" ">
    <subfield code="a">3340834563</subfield>
    <subfield code="b">DE-14</subfield>
    <subfield code="9">14</subfield>
    <subfield code="c">BSZ</subfield>
    <subfield code="d">c</subfield>
    <subfield code="g">1997 8 060668</subfield>
  </datafield>
  <datafield tag="924" ind1="0" ind2=" ">
    <subfield code="a">334083458X</subfield>
    <subfield code="b">DE-352</subfield>
    <subfield code="9">352</subfield>
    <subfield code="c">BSZ</subfield>
    <subfield code="d">c</subfield>
    <subfield code="g">soz 215:nt90/s65</subfield>
  </datafield>
  <datafield tag="924" ind1="0" ind2=" ">
    <subfield code="a">3340834601</subfield>
    <subfield code="b">DE-180</subfield>
    <subfield code="9">180</subfield>
    <subfield code="c">BSZ</subfield>
    <subfield code="d">d</subfield>
    <subfield code="g">400 MG 32920 S697</subfield>
    <subfield code="h">400</subfield>
  </datafield>
  <datafield tag="924" ind1="0" ind2=" ">
    <subfield code="a">3340834628</subfield>
    <subfield code="b">DE-31</subfield>
    <subfield code="9">31</subfield>
    <subfield code="c">BSZ</subfield>
    <subfield code="d">c</subfield>
  </datafield>
  <datafield tag="924" ind1="0" ind2=" ">
    <subfield code="a">3340834652</subfield>
    <subfield code="b">DE-747</subfield>
    <subfield code="9">747</subfield>
    <subfield code="c">BSZ</subfield>
    <subfield code="d">b</subfield>
    <subfield code="g">S 9943 (DZ)</subfield>
    <subfield code="9">p</subfield>
  </datafield>
  <datafield tag="924" ind1="0" ind2=" ">
    <subfield code="a">3340834679</subfield>
    <subfield code="b">DE-180-4-2</subfield>
    <subfield code="9">180/4,2</subfield>
    <subfield code="c">BSZ</subfield>
    <subfield code="d">b</subfield>
    <subfield code="9">p</subfield>
  </datafield>
  <datafield tag="924" ind1="0" ind2=" ">
    <subfield code="a">3340834709</subfield>
    <subfield code="b">ZDB-HU-100</subfield>
    <subfield code="9">ZDB-HU-100</subfield>
    <subfield code="c">BSZ</subfield>
    <subfield code="d">b</subfield>
    <subfield code="9">p</subfield>
  </datafield>
  <datafield tag="935" ind1=" " ind2=" ">
    <subfield code="i">Blocktest</subfield>
  </datafield>
  <datafield tag="936" ind1="r" ind2="v">
    <subfield code="a">MG 32920</subfield>
    <subfield code="b">Sozialpolitik, Gesundheitspolitik</subfield>
    <subfield code="k">Politologie</subfield>
    <subfield code="k">Politische Systeme einzelner Länder</subfield>
    <subfield code="k">Europa, Nordamerika</subfield>
    <subfield code="k">Westeuropa, Mitteleuropa</subfield>
    <subfield code="k">Schweiz</subfield>
    <subfield code="k">Einzelne politische Sachgebiete</subfield>
    <subfield code="k">Sozialpolitik, Gesundheitspolitik</subfield>
    <subfield code="0">1271523299</subfield>
    <subfield code="0">(DE-627)1271523299</subfield>
    <subfield code="0">(DE-576)201523299</subfield>
    <subfield code="0">(DE-625)rvk/122835:12224</subfield>
  </datafield>
  <datafield tag="936" ind1="r" ind2="v">
    <subfield code="a">QX 000</subfield>
    <subfield code="b">Allgemeines. Soziale Sicherheit</subfield>
    <subfield code="k">Wirtschaftswissenschaften</subfield>
    <subfield code="k">Sozialpolitik. Gesundheitswesen. Bildungsökonomie</subfield>
    <subfield code="k">Allgemeines. Soziale Sicherheit</subfield>
    <subfield code="0">1271265311</subfield>
    <subfield code="0">(DE-627)1271265311</subfield>
    <subfield code="0">(DE-576)201265311</subfield>
    <subfield code="0">(DE-625)rvk/142178:</subfield>
  </datafield>
<datafield tag="690" ind1="H" ind2="D">
            <subfield code="8">YX</subfield>
            <subfield code="a">Wirtschaftswissenschaften : Sozialpolitik. Gesundheitswesen. Bildungsökonomie</subfield>
            <subfield code="2">HSG-IFF</subfield>
        </datafield></record>