<record xmlns="http://www.loc.gov/MARC21/slim">
  <leader>05687cam a2201201   4500</leader>
  <controlfield tag="001">(DE-627)023343494</controlfield>
  <controlfield tag="003">DE-627</controlfield>
  <controlfield tag="005">20190317201903.0</controlfield>
  <controlfield tag="007">tu</controlfield>
  <controlfield tag="008">710101s1979    xx ||||| m    00| ||ger c</controlfield>
  <datafield tag="010" ind1=" " ind2=" ">
    <subfield code="a">79358618 </subfield>
  </datafield>
  <datafield tag="015" ind1=" " ind2=" ">
    <subfield code="a">79,A16,0175</subfield>
    <subfield code="2">dnb</subfield>
  </datafield>
  <datafield tag="016" ind1="7" ind2=" ">
    <subfield code="a">790179628</subfield>
    <subfield code="2">DE-101</subfield>
  </datafield>
  <datafield tag="020" ind1=" " ind2=" ">
    <subfield code="a">3428042522</subfield>
  </datafield>
  <datafield tag="035" ind1=" " ind2=" ">
    <subfield code="a">(DE-627)023343494</subfield>
  </datafield>
  <datafield tag="035" ind1=" " ind2=" ">
    <subfield code="a">(DE-576)007028474</subfield>
  </datafield>
  <datafield tag="035" ind1=" " ind2=" ">
    <subfield code="a">(DE-599)GBV023343494</subfield>
  </datafield>
  <datafield tag="035" ind1=" " ind2=" ">
    <subfield code="a">(OCoLC)5240200</subfield>
  </datafield>
  <datafield tag="035" ind1=" " ind2=" ">
    <subfield code="a">(OCoLC)05240200</subfield>
  </datafield>
  <datafield tag="035" ind1=" " ind2=" ">
    <subfield code="a">(DE-604)8019904037</subfield>
  </datafield>
  <datafield tag="040" ind1=" " ind2=" ">
    <subfield code="a">DE-627</subfield>
    <subfield code="b">ger</subfield>
    <subfield code="c">DE-627</subfield>
    <subfield code="e">rakwb</subfield>
  </datafield>
  <datafield tag="041" ind1=" " ind2=" ">
    <subfield code="a">ger</subfield>
  </datafield>
  <datafield tag="044" ind1=" " ind2=" ">
    <subfield code="c">XA-DE-BE</subfield>
  </datafield>
  <datafield tag="050" ind1=" " ind2="0">
    <subfield code="a">HJ2005</subfield>
  </datafield>
  <datafield tag="082" ind1="0" ind2=" ">
    <subfield code="a">332.4/943</subfield>
    <subfield code="q">LOC</subfield>
  </datafield>
  <datafield tag="084" ind1=" " ind2=" ">
    <subfield code="a">05a</subfield>
    <subfield code="2">sdnb</subfield>
  </datafield>
  <datafield tag="084" ind1=" " ind2=" ">
    <subfield code="a">QL 201</subfield>
    <subfield code="2">rvk</subfield>
  </datafield>
  <datafield tag="084" ind1=" " ind2=" ">
    <subfield code="a">QL 000</subfield>
    <subfield code="2">rvk</subfield>
  </datafield>
  <datafield tag="084" ind1=" " ind2=" ">
    <subfield code="a">83.52</subfield>
    <subfield code="2">bkl</subfield>
  </datafield>
  <datafield tag="100" ind1="1" ind2=" ">
    <subfield code="a">Lenk, Reinhard</subfield>
  </datafield>
  <datafield tag="245" ind1="1" ind2="0">
    <subfield code="a">Zur Schätzung und Beurteilung konjunktureller Wirkungen öffentlicher Haushalte</subfield>
    <subfield code="c">von Reinhard Lenk</subfield>
  </datafield>
  <datafield tag="264" ind1=" " ind2="1">
    <subfield code="a">Berlin</subfield>
    <subfield code="a">München</subfield>
    <subfield code="b">Duncker und Humblot</subfield>
    <subfield code="c">1979</subfield>
  </datafield>
  <datafield tag="300" ind1=" " ind2=" ">
    <subfield code="a">281 S.</subfield>
    <subfield code="b">graph. Darst.</subfield>
    <subfield code="c">8°</subfield>
  </datafield>
  <datafield tag="336" ind1=" " ind2=" ">
    <subfield code="a">Text</subfield>
    <subfield code="b">txt</subfield>
    <subfield code="2">rdacontent</subfield>
  </datafield>
  <datafield tag="337" ind1=" " ind2=" ">
    <subfield code="a">ohne Hilfsmittel zu benutzen</subfield>
    <subfield code="b">n</subfield>
    <subfield code="2">rdamedia</subfield>
  </datafield>
  <datafield tag="338" ind1=" " ind2=" ">
    <subfield code="a">Band</subfield>
    <subfield code="b">nc</subfield>
    <subfield code="2">rdacarrier</subfield>
  </datafield>
  <datafield tag="490" ind1="1" ind2=" ">
    <subfield code="a">Schriftenreihe des Ifo-Instituts für Wirtschaftsforschung</subfield>
    <subfield code="v">100</subfield>
  </datafield>
  <datafield tag="500" ind1=" " ind2=" ">
    <subfield code="a">Literaturverz. S. 270 - 281</subfield>
  </datafield>
  <datafield tag="502" ind1=" " ind2=" ">
    <subfield code="a">Zugl.: München, Univ., Diss., 1977</subfield>
  </datafield>
  <datafield tag="591" ind1=" " ind2=" ">
    <subfield code="a">SBB Retrokonversion (GBV). - 720 ff. bvb; 580 ff. bvb ; IMD-Felder und 1131 maschinell ergänzt (SWB)</subfield>
  </datafield>
  <datafield tag="650" ind1=" " ind2="0">
    <subfield code="a">Fiscal policy</subfield>
  </datafield>
  <datafield tag="650" ind1=" " ind2="0">
    <subfield code="a">Budget</subfield>
  </datafield>
  <datafield tag="650" ind1=" " ind2="0">
    <subfield code="a">Economic stabilization</subfield>
    <subfield code="z">Germany (West)</subfield>
  </datafield>
  <datafield tag="650" ind1=" " ind2="0">
    <subfield code="a">Fiscal policy</subfield>
    <subfield code="z">Germany, West</subfield>
  </datafield>
  <datafield tag="650" ind1=" " ind2="0">
    <subfield code="a">Budget</subfield>
    <subfield code="z">Germany, West</subfield>
  </datafield>
  <datafield tag="655" ind1=" " ind2="7">
    <subfield code="a">Hochschulschrift</subfield>
    <subfield code="0">(DE-588)4113937-9</subfield>
    <subfield code="0">(DE-627)105825778</subfield>
    <subfield code="0">(DE-576)209480580</subfield>
    <subfield code="2">gnd-content</subfield>
  </datafield>
  <datafield tag="689" ind1="0" ind2="0">
    <subfield code="D">s</subfield>
    <subfield code="0">(DE-588)4043173-3</subfield>
    <subfield code="0">(DE-627)106210920</subfield>
    <subfield code="0">(DE-576)209054530</subfield>
    <subfield code="a">Öffentlicher Haushalt</subfield>
    <subfield code="2">gnd</subfield>
  </datafield>
  <datafield tag="689" ind1="0" ind2="1">
    <subfield code="D">s</subfield>
    <subfield code="0">(DE-588)4032125-3</subfield>
    <subfield code="0">(DE-627)106262815</subfield>
    <subfield code="0">(DE-576)208995714</subfield>
    <subfield code="a">Konjunktur</subfield>
    <subfield code="2">gnd</subfield>
  </datafield>
  <datafield tag="689" ind1="0" ind2=" ">
    <subfield code="5">DE-576</subfield>
  </datafield>
  <datafield tag="710" ind1="2" ind2=" ">
    <subfield code="a">Ifo-Institut für Wirtschaftsforschung</subfield>
    <subfield code="0">(DE-588)9046-3</subfield>
    <subfield code="0">(DE-627)100267718</subfield>
    <subfield code="0">(DE-576)190197161</subfield>
  </datafield>
  <datafield tag="751" ind1=" " ind2=" ">
    <subfield code="a">München</subfield>
    <subfield code="0">(DE-588)4127793-4</subfield>
    <subfield code="0">(DE-627)105722073</subfield>
    <subfield code="0">(DE-576)209596570</subfield>
    <subfield code="4">uvp</subfield>
  </datafield>
  <datafield tag="810" ind1="2" ind2=" ">
    <subfield code="a">Ifo-Institut für Wirtschaftsforschung</subfield>
    <subfield code="t">Schriftenreihe des IFO-Instituts für Wirtschaftsforschung</subfield>
    <subfield code="v">100</subfield>
    <subfield code="9">10000</subfield>
    <subfield code="w">(DE-627)13045513X</subfield>
    <subfield code="w">(DE-576)016016122</subfield>
    <subfield code="w">(DE-600)720271-4</subfield>
    <subfield code="x">0445-0736</subfield>
  </datafield>
  <datafield tag="924" ind1="0" ind2=" ">
    <subfield code="a">410978485</subfield>
    <subfield code="b">DE-1a</subfield>
    <subfield code="c">GBV</subfield>
    <subfield code="d">c</subfield>
    <subfield code="g">Ser. 13148-100</subfield>
    <subfield code="h">6</subfield>
  </datafield>
  <datafield tag="924" ind1="0" ind2=" ">
    <subfield code="a">148106765</subfield>
    <subfield code="b">DE-46</subfield>
    <subfield code="c">GBV</subfield>
    <subfield code="d">d</subfield>
    <subfield code="g">12/4 Len. 1</subfield>
    <subfield code="h">TB Wirtschaft</subfield>
  </datafield>
  <datafield tag="924" ind1="0" ind2=" ">
    <subfield code="a">183254503</subfield>
    <subfield code="b">DE-46</subfield>
    <subfield code="c">GBV</subfield>
    <subfield code="d">c</subfield>
    <subfield code="g">a vwl 436/270</subfield>
  </datafield>
  <datafield tag="924" ind1="0" ind2=" ">
    <subfield code="a">183254511</subfield>
    <subfield code="b">DE-46</subfield>
    <subfield code="c">GBV</subfield>
    <subfield code="d">c</subfield>
    <subfield code="g">ta 2191</subfield>
  </datafield>
  <datafield tag="924" ind1="0" ind2=" ">
    <subfield code="a">085628360</subfield>
    <subfield code="b">DE-18</subfield>
    <subfield code="c">GBV</subfield>
    <subfield code="d">c</subfield>
    <subfield code="g">A 1979/3856</subfield>
    <subfield code="h">SUB</subfield>
  </datafield>
  <datafield tag="924" ind1="0" ind2=" ">
    <subfield code="a">178625213</subfield>
    <subfield code="b">DE-18</subfield>
    <subfield code="c">GBV</subfield>
    <subfield code="d">d</subfield>
    <subfield code="g">9/9798</subfield>
    <subfield code="h">18/261</subfield>
  </datafield>
  <datafield tag="924" ind1="0" ind2=" ">
    <subfield code="a">576696315</subfield>
    <subfield code="b">DE-18</subfield>
    <subfield code="c">GBV</subfield>
    <subfield code="d">d</subfield>
    <subfield code="g">FSt 11/23/19</subfield>
    <subfield code="h">18/304</subfield>
  </datafield>
  <datafield tag="924" ind1="0" ind2=" ">
    <subfield code="a">356095193</subfield>
    <subfield code="b">DE-8</subfield>
    <subfield code="c">GBV</subfield>
    <subfield code="d">c</subfield>
    <subfield code="g">P 2170-100</subfield>
    <subfield code="h">17</subfield>
  </datafield>
  <datafield tag="924" ind1="0" ind2=" ">
    <subfield code="a">834118823</subfield>
    <subfield code="b">DE-8</subfield>
    <subfield code="c">GBV</subfield>
    <subfield code="d">d</subfield>
    <subfield code="g">V 7-2-894</subfield>
    <subfield code="h">8/9</subfield>
  </datafield>
  <datafield tag="924" ind1="0" ind2=" ">
    <subfield code="a">83411903X</subfield>
    <subfield code="b">DE-8</subfield>
    <subfield code="c">GBV</subfield>
    <subfield code="d">d</subfield>
    <subfield code="g">V 7-2-894+1</subfield>
    <subfield code="h">8/9</subfield>
  </datafield>
  <datafield tag="924" ind1="0" ind2=" ">
    <subfield code="a">841301832</subfield>
    <subfield code="b">DE-8</subfield>
    <subfield code="c">GBV</subfield>
    <subfield code="d">d</subfield>
    <subfield code="g">V 8-1-2312</subfield>
    <subfield code="h">8/9</subfield>
  </datafield>
  <datafield tag="924" ind1="0" ind2=" ">
    <subfield code="a">689958285</subfield>
    <subfield code="b">DE-206</subfield>
    <subfield code="c">GBV</subfield>
    <subfield code="d">c</subfield>
    <subfield code="g">B 154280</subfield>
    <subfield code="h">K:</subfield>
  </datafield>
  <datafield tag="924" ind1="0" ind2=" ">
    <subfield code="a">85746339X</subfield>
    <subfield code="b">DE-206</subfield>
    <subfield code="c">GBV</subfield>
    <subfield code="d">c</subfield>
    <subfield code="g">1979 A 526</subfield>
    <subfield code="h">A:</subfield>
  </datafield>
  <datafield tag="924" ind1="0" ind2=" ">
    <subfield code="a">027576302</subfield>
    <subfield code="b">DE-7</subfield>
    <subfield code="c">GBV</subfield>
    <subfield code="d">c</subfield>
    <subfield code="g">8 Z POL 1330:100</subfield>
  </datafield>
  <datafield tag="924" ind1="0" ind2=" ">
    <subfield code="a">105787612</subfield>
    <subfield code="b">DE-7</subfield>
    <subfield code="c">GBV</subfield>
    <subfield code="d">d</subfield>
    <subfield code="e">48</subfield>
    <subfield code="g">AL 73 Len</subfield>
    <subfield code="h">BBWISO</subfield>
  </datafield>
  <datafield tag="924" ind1="0" ind2=" ">
    <subfield code="a">289608287</subfield>
    <subfield code="b">DE-7</subfield>
    <subfield code="c">GBV</subfield>
    <subfield code="d">d</subfield>
    <subfield code="e">48</subfield>
    <subfield code="g">1 : 361 Len</subfield>
    <subfield code="h">BBWISO</subfield>
  </datafield>
  <datafield tag="924" ind1="0" ind2=" ">
    <subfield code="a">027576337</subfield>
    <subfield code="b">DE-705</subfield>
    <subfield code="c">GBV</subfield>
    <subfield code="d">c</subfield>
    <subfield code="g">VWL 680:I0002</subfield>
    <subfield code="h">WOW</subfield>
  </datafield>
  <datafield tag="924" ind1="0" ind2=" ">
    <subfield code="a">027576345</subfield>
    <subfield code="b">DE-705</subfield>
    <subfield code="c">GBV</subfield>
    <subfield code="d">d</subfield>
    <subfield code="g">ABGANG</subfield>
  </datafield>
  <datafield tag="924" ind1="0" ind2=" ">
    <subfield code="a">027576353</subfield>
    <subfield code="b">DE-705</subfield>
    <subfield code="c">GBV</subfield>
    <subfield code="d">d</subfield>
    <subfield code="g">ABGANG</subfield>
  </datafield>
  <datafield tag="924" ind1="0" ind2=" ">
    <subfield code="a">1221849352</subfield>
    <subfield code="b">DE-28</subfield>
    <subfield code="c">GBV</subfield>
    <subfield code="d">c</subfield>
    <subfield code="g">QL 201 L566</subfield>
    <subfield code="h">28/BB3</subfield>
  </datafield>
  <datafield tag="924" ind1="0" ind2=" ">
    <subfield code="a">386874336</subfield>
    <subfield code="b">DE-89</subfield>
    <subfield code="c">GBV</subfield>
    <subfield code="d">b</subfield>
    <subfield code="e">8</subfield>
    <subfield code="g">oek 3107/003</subfield>
    <subfield code="h">FBW</subfield>
  </datafield>
  <datafield tag="924" ind1="0" ind2=" ">
    <subfield code="a">386874336</subfield>
    <subfield code="b">DE-35</subfield>
    <subfield code="c">GBV</subfield>
    <subfield code="d">d</subfield>
    <subfield code="g">oek 3107/003</subfield>
    <subfield code="h">FBW</subfield>
  </datafield>
  <datafield tag="924" ind1="0" ind2=" ">
    <subfield code="a">176636196</subfield>
    <subfield code="b">DE-Hv14</subfield>
    <subfield code="c">GBV</subfield>
    <subfield code="d">c</subfield>
    <subfield code="g">79.302</subfield>
  </datafield>
  <datafield tag="924" ind1="0" ind2=" ">
    <subfield code="a">027576361</subfield>
    <subfield code="b">DE-Luen4</subfield>
    <subfield code="c">GBV</subfield>
    <subfield code="g">87-2036</subfield>
    <subfield code="h">CAM</subfield>
  </datafield>
  <datafield tag="924" ind1="0" ind2=" ">
    <subfield code="a">782415466</subfield>
    <subfield code="b">DE-715</subfield>
    <subfield code="c">GBV</subfield>
    <subfield code="d">c</subfield>
    <subfield code="g">vwl 704 2bp AM 3834</subfield>
  </datafield>
  <datafield tag="924" ind1="0" ind2=" ">
    <subfield code="a">156950820</subfield>
    <subfield code="b">DE-45</subfield>
    <subfield code="c">GBV</subfield>
    <subfield code="d">c</subfield>
    <subfield code="g">79-2686</subfield>
  </datafield>
  <datafield tag="924" ind1="0" ind2=" ">
    <subfield code="a">103409467</subfield>
    <subfield code="b">DE-700</subfield>
    <subfield code="c">GBV</subfield>
    <subfield code="d">b</subfield>
    <subfield code="g">QUM / Len</subfield>
    <subfield code="h">J-KR</subfield>
  </datafield>
  <datafield tag="924" ind1="0" ind2=" ">
    <subfield code="a">227873343</subfield>
    <subfield code="b">DE-Va1</subfield>
    <subfield code="c">GBV</subfield>
    <subfield code="d">c</subfield>
    <subfield code="g">104404</subfield>
  </datafield>
  <datafield tag="924" ind1="0" ind2=" ">
    <subfield code="a">548236690</subfield>
    <subfield code="b">DE-Fl3</subfield>
    <subfield code="c">GBV</subfield>
    <subfield code="d">c</subfield>
    <subfield code="g">QL 201 L566</subfield>
    <subfield code="h">Mag</subfield>
  </datafield>
  <datafield tag="924" ind1="0" ind2=" ">
    <subfield code="a">272312088</subfield>
    <subfield code="b">DE-J59</subfield>
    <subfield code="c">GBV</subfield>
    <subfield code="d">c</subfield>
    <subfield code="g">83.30,36-96/13461</subfield>
  </datafield>
  <datafield tag="924" ind1="0" ind2=" ">
    <subfield code="a">182887213X</subfield>
    <subfield code="b">DE-2173</subfield>
    <subfield code="c">GBV</subfield>
    <subfield code="d">c</subfield>
    <subfield code="g">Mag25748</subfield>
    <subfield code="h">mag</subfield>
  </datafield>
  <datafield tag="924" ind1="0" ind2=" ">
    <subfield code="a">313824274X</subfield>
    <subfield code="b">DE-21</subfield>
    <subfield code="9">21</subfield>
    <subfield code="c">BSZ</subfield>
    <subfield code="d">c</subfield>
    <subfield code="g">19 A 5914</subfield>
  </datafield>
  <datafield tag="924" ind1="0" ind2=" ">
    <subfield code="a">3138242804</subfield>
    <subfield code="b">DE-21-19</subfield>
    <subfield code="9">21/19</subfield>
    <subfield code="c">BSZ</subfield>
    <subfield code="d">b</subfield>
    <subfield code="g">Fi IIg 166</subfield>
    <subfield code="9">p</subfield>
  </datafield>
  <datafield tag="924" ind1="0" ind2=" ">
    <subfield code="a">3138242901</subfield>
    <subfield code="b">DE-25</subfield>
    <subfield code="9">25</subfield>
    <subfield code="c">BSZ</subfield>
    <subfield code="d">c</subfield>
    <subfield code="g">SW 79/538</subfield>
  </datafield>
  <datafield tag="924" ind1="0" ind2=" ">
    <subfield code="a">3138242960</subfield>
    <subfield code="b">DE-291</subfield>
    <subfield code="9">291</subfield>
    <subfield code="c">BSZ</subfield>
    <subfield code="d">c</subfield>
    <subfield code="g">79-5370</subfield>
  </datafield>
  <datafield tag="924" ind1="0" ind2=" ">
    <subfield code="a">3138242995</subfield>
    <subfield code="b">DE-291-109</subfield>
    <subfield code="9">291/109</subfield>
    <subfield code="c">BSZ</subfield>
    <subfield code="d">b</subfield>
    <subfield code="9">p</subfield>
  </datafield>
  <datafield tag="924" ind1="0" ind2=" ">
    <subfield code="a">3138243118</subfield>
    <subfield code="b">DE-352</subfield>
    <subfield code="9">352</subfield>
    <subfield code="c">BSZ</subfield>
    <subfield code="d">c</subfield>
    <subfield code="g">wrj 315/l26</subfield>
  </datafield>
  <datafield tag="924" ind1="0" ind2=" ">
    <subfield code="a">3138243169</subfield>
    <subfield code="b">DE-24</subfield>
    <subfield code="9">24</subfield>
    <subfield code="c">BSZ</subfield>
    <subfield code="d">c</subfield>
    <subfield code="g">29/22958</subfield>
  </datafield>
  <datafield tag="924" ind1="0" ind2=" ">
    <subfield code="a">3138243258</subfield>
    <subfield code="b">DE-180</subfield>
    <subfield code="9">180</subfield>
    <subfield code="c">BSZ</subfield>
    <subfield code="d">d</subfield>
    <subfield code="g">300 QL 201 L566</subfield>
    <subfield code="h">300</subfield>
  </datafield>
  <datafield tag="924" ind1="0" ind2=" ">
    <subfield code="a">3138243266</subfield>
    <subfield code="b">DE-180</subfield>
    <subfield code="9">180</subfield>
    <subfield code="c">BSZ</subfield>
    <subfield code="d">c</subfield>
    <subfield code="g">AG 3889</subfield>
    <subfield code="h">AUS02</subfield>
  </datafield>
  <datafield tag="924" ind1="0" ind2=" ">
    <subfield code="a">3138243339</subfield>
    <subfield code="b">DE-16</subfield>
    <subfield code="9">16</subfield>
    <subfield code="c">BSZ</subfield>
    <subfield code="d">c</subfield>
    <subfield code="g">79 B 2121</subfield>
  </datafield>
  <datafield tag="924" ind1="0" ind2=" ">
    <subfield code="a">3138243444</subfield>
    <subfield code="b">DE-16-160</subfield>
    <subfield code="9">16/160</subfield>
    <subfield code="c">BSZ</subfield>
    <subfield code="d">c</subfield>
    <subfield code="g">WS/QL 201 L566</subfield>
  </datafield>
  <datafield tag="924" ind1="0" ind2=" ">
    <subfield code="a">3138243533</subfield>
    <subfield code="b">DE-90</subfield>
    <subfield code="9">90</subfield>
    <subfield code="c">BSZ</subfield>
    <subfield code="d">c</subfield>
    <subfield code="g">79 A 1428</subfield>
  </datafield>
  <datafield tag="924" ind1="0" ind2=" ">
    <subfield code="a">3138243665</subfield>
    <subfield code="b">DE-31</subfield>
    <subfield code="9">31</subfield>
    <subfield code="c">BSZ</subfield>
    <subfield code="d">c</subfield>
    <subfield code="g">79 A 13766</subfield>
  </datafield>
  <datafield tag="924" ind1="0" ind2=" ">
    <subfield code="a">3138243738</subfield>
    <subfield code="b">DE-100</subfield>
    <subfield code="9">100</subfield>
    <subfield code="c">BSZ</subfield>
    <subfield code="d">d</subfield>
    <subfield code="g">2883/32</subfield>
    <subfield code="h">31</subfield>
    <subfield code="9">p</subfield>
  </datafield>
  <datafield tag="924" ind1="0" ind2=" ">
    <subfield code="a">3138243800</subfield>
    <subfield code="b">DE-Sp3</subfield>
    <subfield code="9">Sp 3</subfield>
    <subfield code="c">BSZ</subfield>
    <subfield code="d">b</subfield>
    <subfield code="9">p</subfield>
  </datafield>
  <datafield tag="924" ind1="0" ind2=" ">
    <subfield code="a">3138243967</subfield>
    <subfield code="b">DE-Kh1</subfield>
    <subfield code="9">Kh 1</subfield>
    <subfield code="c">BSZ</subfield>
    <subfield code="d">c</subfield>
  </datafield>
  <datafield tag="935" ind1=" " ind2=" ">
    <subfield code="i">Blocktest</subfield>
  </datafield>
  <datafield tag="936" ind1="r" ind2="v">
    <subfield code="a">QL 201</subfield>
    <subfield code="b">Theorie der Fiscal Policy</subfield>
    <subfield code="k">Wirtschaftswissenschaften</subfield>
    <subfield code="k">Finanzwissenschaft. Betriebswirtschaftliche Steuerlehre</subfield>
    <subfield code="k">Finanzpolitik. Fiscal Policy. Finanzwirtschaft und Finanzpolitik einzelner Länder</subfield>
    <subfield code="k">Theorie der Fiscal Policy</subfield>
    <subfield code="0">1271501635</subfield>
    <subfield code="0">(DE-627)1271501635</subfield>
    <subfield code="0">(DE-576)201501635</subfield>
    <subfield code="0">(DE-625)rvk/141699:</subfield>
  </datafield>
  <datafield tag="936" ind1="r" ind2="v">
    <subfield code="a">QL 000</subfield>
    <subfield code="b">Allgemeines</subfield>
    <subfield code="k">Wirtschaftswissenschaften</subfield>
    <subfield code="k">Finanzwissenschaft. Betriebswirtschaftliche Steuerlehre</subfield>
    <subfield code="k">Allgemeines</subfield>
    <subfield code="0">1270708139</subfield>
    <subfield code="0">(DE-627)1270708139</subfield>
    <subfield code="0">(DE-576)200708139</subfield>
    <subfield code="0">(DE-625)rvk/141690:</subfield>
  </datafield>
  <datafield tag="936" ind1="b" ind2="k">
    <subfield code="a">83.52</subfield>
    <subfield code="j">Finanzwissenschaft</subfield>
    <subfield code="0">(DE-627)106420283</subfield>
  </datafield>
<datafield tag="690" ind1="H" ind2="D">
            <subfield code="8">YN</subfield>
            <subfield code="a">Wirtschaftswissenschaften : Konjunkturschwankungen, Stabilitätspolitik</subfield>
            <subfield code="2">HSG-IFF</subfield>
        </datafield></record>