<record xmlns="http://www.loc.gov/MARC21/slim">
  <leader>02401cam a2200481   4500</leader>
  <controlfield tag="001">(DE-627)1604359005</controlfield>
  <controlfield tag="003">DE-627</controlfield>
  <controlfield tag="005">20180717131127.0</controlfield>
  <controlfield tag="007">tu</controlfield>
  <controlfield tag="008">850101s1975    xx |||||      00| ||eng c</controlfield>
  <datafield tag="020" ind1=" " ind2=" ">
    <subfield code="a">0815718136</subfield>
  </datafield>
  <datafield tag="035" ind1=" " ind2=" ">
    <subfield code="a">(DE-627)1604359005</subfield>
  </datafield>
  <datafield tag="035" ind1=" " ind2=" ">
    <subfield code="a">(DE-576)005219892</subfield>
  </datafield>
  <datafield tag="035" ind1=" " ind2=" ">
    <subfield code="a">(DE-599)BSZ005219892</subfield>
  </datafield>
  <datafield tag="035" ind1=" " ind2=" ">
    <subfield code="a">(OCoLC)01365084</subfield>
  </datafield>
  <datafield tag="035" ind1=" " ind2=" ">
    <subfield code="a">(DE-604)8031991076</subfield>
  </datafield>
  <datafield tag="035" ind1=" " ind2=" ">
    <subfield code="a">(DE-615)00230884</subfield>
  </datafield>
  <datafield tag="040" ind1=" " ind2=" ">
    <subfield code="a">DE-627</subfield>
    <subfield code="b">ger</subfield>
    <subfield code="c">DE-627</subfield>
    <subfield code="e">rakwb</subfield>
  </datafield>
  <datafield tag="041" ind1=" " ind2=" ">
    <subfield code="a">eng</subfield>
  </datafield>
  <datafield tag="082" ind1="0" ind2=" ">
    <subfield code="a">338.4/3</subfield>
  </datafield>
  <datafield tag="084" ind1=" " ind2=" ">
    <subfield code="a">QX 900</subfield>
    <subfield code="2">rvk</subfield>
  </datafield>
  <datafield tag="084" ind1=" " ind2=" ">
    <subfield code="a">QX 000</subfield>
    <subfield code="2">rvk</subfield>
  </datafield>
  <datafield tag="100" ind1="1" ind2=" ">
    <subfield code="a">Derthick, Martha</subfield>
  </datafield>
  <datafield tag="245" ind1="1" ind2="0">
    <subfield code="a">Uncontrollable spending for social services grants</subfield>
    <subfield code="c">Martha Derthick</subfield>
  </datafield>
  <datafield tag="264" ind1=" " ind2="1">
    <subfield code="a">Washington, DC</subfield>
    <subfield code="b">Brookings Inst.</subfield>
    <subfield code="c">1975</subfield>
  </datafield>
  <datafield tag="300" ind1=" " ind2=" ">
    <subfield code="a">VII, 139 S.</subfield>
  </datafield>
  <datafield tag="336" ind1=" " ind2=" ">
    <subfield code="a">Text</subfield>
    <subfield code="b">txt</subfield>
    <subfield code="2">rdacontent</subfield>
  </datafield>
  <datafield tag="337" ind1=" " ind2=" ">
    <subfield code="a">ohne Hilfsmittel zu benutzen</subfield>
    <subfield code="b">n</subfield>
    <subfield code="2">rdamedia</subfield>
  </datafield>
  <datafield tag="338" ind1=" " ind2=" ">
    <subfield code="a">Band</subfield>
    <subfield code="b">nc</subfield>
    <subfield code="2">rdacarrier</subfield>
  </datafield>
  <datafield tag="591" ind1=" " ind2=" ">
    <subfield code="a">720 ff. bvb; 580 ff. bvb ; IMD-Felder und 1131 maschinell ergänzt (SWB)</subfield>
  </datafield>
  <datafield tag="650" ind1=" " ind2="4">
    <subfield code="a">Vereinigte Staaten</subfield>
    <subfield code="x">Soziale Sicherheit</subfield>
    <subfield code="x">Öffentliche Haushaltspolitik</subfield>
    <subfield code="x">Haushaltsrecht</subfield>
  </datafield>
  <datafield tag="650" ind1=" " ind2="4">
    <subfield code="a">Ministerium für Arbeit/Soziales</subfield>
    <subfield code="x">Gesundheitsministerium</subfield>
    <subfield code="x">Bund - Länder Verhältnis</subfield>
    <subfield code="x">Verhältnis Ministerialbürokratie - politische Führung</subfield>
    <subfield code="x">Kontrolle der Regierung</subfield>
  </datafield>
  <datafield tag="689" ind1="0" ind2="0">
    <subfield code="D">g</subfield>
    <subfield code="0">(DE-588)4078704-7</subfield>
    <subfield code="0">(DE-627)106076612</subfield>
    <subfield code="0">(DE-576)209209682</subfield>
    <subfield code="a">USA</subfield>
    <subfield code="2">gnd</subfield>
  </datafield>
  <datafield tag="689" ind1="0" ind2="1">
    <subfield code="D">s</subfield>
    <subfield code="0">(DE-588)4139318-1</subfield>
    <subfield code="0">(DE-627)105636215</subfield>
    <subfield code="0">(DE-576)209693398</subfield>
    <subfield code="a">Sozialwesen</subfield>
    <subfield code="2">gnd</subfield>
  </datafield>
  <datafield tag="689" ind1="0" ind2=" ">
    <subfield code="5">DE-576</subfield>
  </datafield>
  <datafield tag="924" ind1="0" ind2=" ">
    <subfield code="a">3102117899</subfield>
    <subfield code="b">DE-291-109</subfield>
    <subfield code="9">291/109</subfield>
    <subfield code="c">BSZ</subfield>
    <subfield code="d">b</subfield>
    <subfield code="g">R III c - 84 ; Keller</subfield>
    <subfield code="9">p</subfield>
  </datafield>
  <datafield tag="924" ind1="0" ind2=" ">
    <subfield code="a">310211797X</subfield>
    <subfield code="b">DE-352</subfield>
    <subfield code="9">352</subfield>
    <subfield code="c">BSZ</subfield>
    <subfield code="d">c</subfield>
    <subfield code="g">wrj 318:st70/d27</subfield>
  </datafield>
  <datafield tag="924" ind1="0" ind2=" ">
    <subfield code="a">3102118046</subfield>
    <subfield code="b">DE-180</subfield>
    <subfield code="9">180</subfield>
    <subfield code="c">BSZ</subfield>
    <subfield code="d">d</subfield>
    <subfield code="g">300 QX 000 D438 U54</subfield>
    <subfield code="h">300</subfield>
  </datafield>
  <datafield tag="924" ind1="0" ind2=" ">
    <subfield code="a">3102118135</subfield>
    <subfield code="b">DE-289</subfield>
    <subfield code="9">289</subfield>
    <subfield code="c">BSZ</subfield>
    <subfield code="d">c</subfield>
    <subfield code="g">HV 95/1975 D</subfield>
    <subfield code="h">P</subfield>
  </datafield>
  <datafield tag="924" ind1="0" ind2=" ">
    <subfield code="a">3102118186</subfield>
    <subfield code="b">DE-615</subfield>
    <subfield code="9">615</subfield>
    <subfield code="c">BSZ</subfield>
    <subfield code="d">b</subfield>
    <subfield code="9">p</subfield>
  </datafield>
  <datafield tag="924" ind1="0" ind2=" ">
    <subfield code="a">3102118208</subfield>
    <subfield code="b">DE-B1567</subfield>
    <subfield code="9">B 1567</subfield>
    <subfield code="c">BSZ</subfield>
    <subfield code="d">d</subfield>
    <subfield code="g">B. 10627</subfield>
    <subfield code="9">n</subfield>
  </datafield>
  <datafield tag="936" ind1="r" ind2="v">
    <subfield code="a">QX 900</subfield>
    <subfield code="b">Wohlfahrtswesen, Sozialeinrichtung. Allgemeines</subfield>
    <subfield code="k">Wirtschaftswissenschaften</subfield>
    <subfield code="k">Sozialpolitik. Gesundheitswesen. Bildungsökonomie</subfield>
    <subfield code="k">Wohlfahrtswesen, Sozialeinrichtung</subfield>
    <subfield code="k">Wohlfahrtswesen, Sozialeinrichtung. Allgemeines</subfield>
    <subfield code="0">1271483009</subfield>
    <subfield code="0">(DE-627)1271483009</subfield>
    <subfield code="0">(DE-576)201483009</subfield>
    <subfield code="0">(DE-625)142209:</subfield>
  </datafield>
  <datafield tag="936" ind1="r" ind2="v">
    <subfield code="a">QX 000</subfield>
    <subfield code="b">Allgemeines. Soziale Sicherheit</subfield>
    <subfield code="k">Wirtschaftswissenschaften</subfield>
    <subfield code="k">Sozialpolitik. Gesundheitswesen. Bildungsökonomie</subfield>
    <subfield code="k">Allgemeines. Soziale Sicherheit</subfield>
    <subfield code="0">1271265311</subfield>
    <subfield code="0">(DE-627)1271265311</subfield>
    <subfield code="0">(DE-576)201265311</subfield>
    <subfield code="0">(DE-625)142178:</subfield>
  </datafield>
<datafield tag="690" ind1="H" ind2="D">
            <subfield code="8">YX</subfield>
            <subfield code="a">Wirtschaftswissenschaften : Sozialpolitik. Gesundheitswesen. Bildungsökonomie</subfield>
            <subfield code="2">HSG-IFF</subfield>
        </datafield></record>