<record xmlns="http://www.loc.gov/MARC21/slim">
  <leader>00938nam a2200289 cc4500</leader>
  <controlfield tag="001">(DE-604)BV025613731</controlfield>
  <controlfield tag="003">DE-604</controlfield>
  <controlfield tag="005">20120207        </controlfield>
  <controlfield tag="007">t</controlfield>
  <controlfield tag="008">100417s1993             |||| 00||| eng d</controlfield>
  <datafield tag="020" ind1=" " ind2=" ">
    <subfield code="a">9264038795</subfield>
    <subfield code="9">92-64-03879-5</subfield>
  </datafield>
  <datafield tag="035" ind1=" " ind2=" ">
    <subfield code="a">(OCoLC)916557823</subfield>
  </datafield>
  <datafield tag="035" ind1=" " ind2=" ">
    <subfield code="a">(DE-599)BVBBV025613731</subfield>
  </datafield>
  <datafield tag="040" ind1=" " ind2=" ">
    <subfield code="a">DE-604</subfield>
    <subfield code="b">ger</subfield>
    <subfield code="e">rakwb</subfield>
  </datafield>
  <datafield tag="041" ind1="0" ind2=" ">
    <subfield code="a">eng</subfield>
  </datafield>
  <datafield tag="049" ind1=" " ind2=" ">
    <subfield code="a">DE-11</subfield>
    <subfield code="a">DE-Re13</subfield>
  </datafield>
  <datafield tag="084" ind1=" " ind2=" ">
    <subfield code="a">QR 420</subfield>
    <subfield code="2">rvk</subfield>
  </datafield>
  <datafield tag="245" ind1="1" ind2="0">
    <subfield code="a">Trends and policies in privatisation</subfield>
    <subfield code="n">1,2</subfield>
    <subfield code="p">Institutional aspects of the privatisation process</subfield>
    <subfield code="c">Organisation for Economic Co-Operation and Development</subfield>
  </datafield>
  <datafield tag="264" ind1=" " ind2="1">
    <subfield code="a">Paris</subfield>
    <subfield code="b">OECD</subfield>
    <subfield code="c">1993</subfield>
  </datafield>
  <datafield tag="300" ind1=" " ind2=" ">
    <subfield code="a">152 S.</subfield>
  </datafield>
  <datafield tag="336" ind1=" " ind2=" ">
    <subfield code="b">txt</subfield>
    <subfield code="2">rdacontent</subfield>
  </datafield>
  <datafield tag="337" ind1=" " ind2=" ">
    <subfield code="b">n</subfield>
    <subfield code="2">rdamedia</subfield>
  </datafield>
  <datafield tag="338" ind1=" " ind2=" ">
    <subfield code="b">nc</subfield>
    <subfield code="2">rdacarrier</subfield>
  </datafield>
  <datafield tag="490" ind1="1" ind2=" ">
    <subfield code="a">Trends and policies in privatisation</subfield>
    <subfield code="v">1,2</subfield>
  </datafield>
  <datafield tag="773" ind1="0" ind2="8">
    <subfield code="w">(DE-604)BV025131092</subfield>
    <subfield code="g">1,2</subfield>
  </datafield>
  <datafield tag="830" ind1=" " ind2="0">
    <subfield code="a">Trends and policies in privatisation</subfield>
    <subfield code="v">1,2</subfield>
    <subfield code="w">(DE-604)BV025131092</subfield>
  </datafield>
  <datafield tag="924" ind1=" " ind2=" ">
    <subfield code="a">BV025613731</subfield>
    <subfield code="b">DE-Re13</subfield>
    <subfield code="c">BVB</subfield>
    <subfield code="d">k</subfield>
  </datafield>
<datafield tag="690" ind1="H" ind2="D">
            <subfield code="8">YQ</subfield>
            <subfield code="a">Wirtschaftswissenschaften : Spezielle Betriebswirtschaftslehren</subfield>
            <subfield code="2">HSG-IFF</subfield>
        </datafield></record>