<record xmlns="http://www.loc.gov/MARC21/slim">
  <leader>04942cam a2200925   4500</leader>
  <controlfield tag="001">(DE-627)122483456</controlfield>
  <controlfield tag="003">DE-627</controlfield>
  <controlfield tag="005">20190317195458.0</controlfield>
  <controlfield tag="007">tu</controlfield>
  <controlfield tag="008">930218s1977    xx ||||| m    00| ||ger c</controlfield>
  <datafield tag="015" ind1=" " ind2=" ">
    <subfield code="a">77,A29,0097</subfield>
    <subfield code="2">dnb</subfield>
  </datafield>
  <datafield tag="016" ind1="7" ind2=" ">
    <subfield code="a">770271278</subfield>
    <subfield code="2">DE-101</subfield>
  </datafield>
  <datafield tag="020" ind1=" " ind2=" ">
    <subfield code="a">3258024790</subfield>
    <subfield code="c">: 48.00F</subfield>
  </datafield>
  <datafield tag="035" ind1=" " ind2=" ">
    <subfield code="a">(DE-627)122483456</subfield>
  </datafield>
  <datafield tag="035" ind1=" " ind2=" ">
    <subfield code="a">(DE-576)006517021</subfield>
  </datafield>
  <datafield tag="035" ind1=" " ind2=" ">
    <subfield code="a">(DE-599)GBV122483456</subfield>
  </datafield>
  <datafield tag="035" ind1=" " ind2=" ">
    <subfield code="a">(OCoLC)3327207</subfield>
  </datafield>
  <datafield tag="035" ind1=" " ind2=" ">
    <subfield code="a">(OCoLC)03327207</subfield>
  </datafield>
  <datafield tag="035" ind1=" " ind2=" ">
    <subfield code="a">(DE-604)8032444931</subfield>
  </datafield>
  <datafield tag="040" ind1=" " ind2=" ">
    <subfield code="a">DE-627</subfield>
    <subfield code="b">ger</subfield>
    <subfield code="c">DE-627</subfield>
    <subfield code="e">rakwb</subfield>
  </datafield>
  <datafield tag="041" ind1=" " ind2=" ">
    <subfield code="a">ger</subfield>
  </datafield>
  <datafield tag="044" ind1=" " ind2=" ">
    <subfield code="c">XA-CH</subfield>
    <subfield code="c">XA-DE</subfield>
  </datafield>
  <datafield tag="050" ind1=" " ind2="0">
    <subfield code="a">HG1526</subfield>
  </datafield>
  <datafield tag="050" ind1=" " ind2="0">
    <subfield code="a">HG3881</subfield>
  </datafield>
  <datafield tag="082" ind1="0" ind2=" ">
    <subfield code="a">332.1</subfield>
    <subfield code="q">OCLC</subfield>
  </datafield>
  <datafield tag="084" ind1=" " ind2=" ">
    <subfield code="a">05a</subfield>
    <subfield code="2">sdnb</subfield>
  </datafield>
  <datafield tag="084" ind1=" " ind2=" ">
    <subfield code="a">QM 300</subfield>
    <subfield code="2">rvk</subfield>
  </datafield>
  <datafield tag="084" ind1=" " ind2=" ">
    <subfield code="a">QM 333</subfield>
    <subfield code="2">rvk</subfield>
  </datafield>
  <datafield tag="084" ind1=" " ind2=" ">
    <subfield code="a">QK 200</subfield>
    <subfield code="2">rvk</subfield>
  </datafield>
  <datafield tag="100" ind1="1" ind2=" ">
    <subfield code="a">Wagner, Antonin</subfield>
    <subfield code="d">1937-</subfield>
    <subfield code="0">(DE-588)170234762</subfield>
    <subfield code="0">(DE-627)060292725</subfield>
    <subfield code="0">(DE-576)131136518</subfield>
  </datafield>
  <datafield tag="245" ind1="1" ind2="0">
    <subfield code="a">Verwaltete Währung</subfield>
    <subfield code="b">Krise und Reform des internationalen Währungssystems unter besonderer Berücksichtigung der Entwicklungsländer</subfield>
    <subfield code="c">von Antonin Wagner</subfield>
  </datafield>
  <datafield tag="264" ind1=" " ind2="1">
    <subfield code="a">Bern</subfield>
    <subfield code="a">Stuttgart</subfield>
    <subfield code="b">Haupt</subfield>
    <subfield code="c">c1977</subfield>
  </datafield>
  <datafield tag="300" ind1=" " ind2=" ">
    <subfield code="a">262 S.</subfield>
    <subfield code="b">Ill., graph. Darst.</subfield>
    <subfield code="c">23 cm</subfield>
  </datafield>
  <datafield tag="336" ind1=" " ind2=" ">
    <subfield code="a">Text</subfield>
    <subfield code="b">txt</subfield>
    <subfield code="2">rdacontent</subfield>
  </datafield>
  <datafield tag="337" ind1=" " ind2=" ">
    <subfield code="a">ohne Hilfsmittel zu benutzen</subfield>
    <subfield code="b">n</subfield>
    <subfield code="2">rdamedia</subfield>
  </datafield>
  <datafield tag="338" ind1=" " ind2=" ">
    <subfield code="a">Band</subfield>
    <subfield code="b">nc</subfield>
    <subfield code="2">rdacarrier</subfield>
  </datafield>
  <datafield tag="490" ind1="1" ind2=" ">
    <subfield code="a">Bankwirtschaftliche Forschungen</subfield>
    <subfield code="v">39</subfield>
  </datafield>
  <datafield tag="500" ind1=" " ind2=" ">
    <subfield code="a">Literaturangaben.</subfield>
  </datafield>
  <datafield tag="502" ind1=" " ind2=" ">
    <subfield code="a">Zugl.: Zürich, Univ., Habil.-Schr. , 1977</subfield>
  </datafield>
  <datafield tag="591" ind1=" " ind2=" ">
    <subfield code="a">720 ff. bvb; 580 ff. bvb ; IMD-Felder und 1131 maschinell ergänzt (SWB)</subfield>
  </datafield>
  <datafield tag="653" ind1=" " ind2="0">
    <subfield code="a">International finance</subfield>
  </datafield>
  <datafield tag="653" ind1=" " ind2="0">
    <subfield code="a">Finance</subfield>
    <subfield code="x">Developing countries</subfield>
  </datafield>
  <datafield tag="655" ind1=" " ind2="7">
    <subfield code="a">Hochschulschrift</subfield>
    <subfield code="0">(DE-588)4113937-9</subfield>
    <subfield code="0">(DE-627)105825778</subfield>
    <subfield code="0">(DE-576)209480580</subfield>
    <subfield code="2">gnd-content</subfield>
  </datafield>
  <datafield tag="689" ind1="0" ind2="0">
    <subfield code="D">g</subfield>
    <subfield code="0">(DE-588)4014954-7</subfield>
    <subfield code="0">(DE-627)104493925</subfield>
    <subfield code="0">(DE-576)208909974</subfield>
    <subfield code="a">Entwicklungsländer</subfield>
    <subfield code="2">gnd</subfield>
  </datafield>
  <datafield tag="689" ind1="0" ind2="1">
    <subfield code="D">s</subfield>
    <subfield code="0">(DE-588)4072901-1</subfield>
    <subfield code="0">(DE-627)106093894</subfield>
    <subfield code="0">(DE-576)209188588</subfield>
    <subfield code="a">Internationales Währungssystem</subfield>
    <subfield code="2">gnd</subfield>
  </datafield>
  <datafield tag="689" ind1="0" ind2=" ">
    <subfield code="5">DE-576</subfield>
  </datafield>
  <datafield tag="751" ind1=" " ind2=" ">
    <subfield code="a">Zürich</subfield>
    <subfield code="0">(DE-588)4068038-1</subfield>
    <subfield code="0">(DE-627)106106651</subfield>
    <subfield code="0">(DE-576)209172541</subfield>
    <subfield code="4">uvp</subfield>
  </datafield>
  <datafield tag="830" ind1=" " ind2="0">
    <subfield code="a">Bankwirtschaftliche Forschungen</subfield>
    <subfield code="v">39</subfield>
    <subfield code="9">3900</subfield>
    <subfield code="w">(DE-627)130766240</subfield>
    <subfield code="w">(DE-576)025156489</subfield>
    <subfield code="w">(DE-600)1001550-4</subfield>
  </datafield>
  <datafield tag="924" ind1="0" ind2=" ">
    <subfield code="a">414025520</subfield>
    <subfield code="b">DE-1a</subfield>
    <subfield code="c">GBV</subfield>
    <subfield code="d">L</subfield>
    <subfield code="g">Ser. 14870-39</subfield>
    <subfield code="i">6</subfield>
  </datafield>
  <datafield tag="924" ind1="0" ind2=" ">
    <subfield code="a">152015205</subfield>
    <subfield code="b">DE-84</subfield>
    <subfield code="c">GBV</subfield>
    <subfield code="d">L</subfield>
    <subfield code="g">2505-2334</subfield>
  </datafield>
  <datafield tag="924" ind1="0" ind2=" ">
    <subfield code="a">004976576</subfield>
    <subfield code="b">DE-46</subfield>
    <subfield code="c">GBV</subfield>
    <subfield code="g">01.r.0438</subfield>
    <subfield code="d">L</subfield>
  </datafield>
  <datafield tag="924" ind1="0" ind2=" ">
    <subfield code="a">004976584</subfield>
    <subfield code="b">DE-46</subfield>
    <subfield code="c">GBV</subfield>
    <subfield code="d">L</subfield>
    <subfield code="g">a vwl 417/183a</subfield>
  </datafield>
  <datafield tag="924" ind1="0" ind2=" ">
    <subfield code="a">085189812</subfield>
    <subfield code="b">DE-18</subfield>
    <subfield code="c">GBV</subfield>
    <subfield code="d">L</subfield>
    <subfield code="g">A 1978/1611</subfield>
    <subfield code="i">SUB-SM</subfield>
  </datafield>
  <datafield tag="924" ind1="0" ind2=" ">
    <subfield code="a">728843218</subfield>
    <subfield code="b">DE-206</subfield>
    <subfield code="c">GBV</subfield>
    <subfield code="i">K:</subfield>
    <subfield code="g">B 139904</subfield>
    <subfield code="d">L</subfield>
  </datafield>
  <datafield tag="924" ind1="0" ind2=" ">
    <subfield code="a">824838998</subfield>
    <subfield code="b">DE-206</subfield>
    <subfield code="c">GBV</subfield>
    <subfield code="d">L</subfield>
    <subfield code="g">1977 A 584</subfield>
    <subfield code="h">206/1</subfield>
    <subfield code="i">A:</subfield>
  </datafield>
  <datafield tag="924" ind1="0" ind2=" ">
    <subfield code="a">28821711X</subfield>
    <subfield code="b">DE-7</subfield>
    <subfield code="c">GBV</subfield>
    <subfield code="d">N</subfield>
    <subfield code="g">1 : 231.8 Wag</subfield>
    <subfield code="h">7/148</subfield>
    <subfield code="i">BBWISO</subfield>
  </datafield>
  <datafield tag="924" ind1="0" ind2=" ">
    <subfield code="a">022487808</subfield>
    <subfield code="b">DE-705</subfield>
    <subfield code="c">GBV</subfield>
    <subfield code="d">L</subfield>
    <subfield code="g">VWL 400:F0013</subfield>
    <subfield code="i">WOW</subfield>
  </datafield>
  <datafield tag="924" ind1="0" ind2=" ">
    <subfield code="a">614482224</subfield>
    <subfield code="b">DE-89</subfield>
    <subfield code="c">GBV</subfield>
    <subfield code="d">L</subfield>
    <subfield code="g">oek 4100/717</subfield>
    <subfield code="h">89/18</subfield>
    <subfield code="i">FBW</subfield>
  </datafield>
  <datafield tag="924" ind1="0" ind2=" ">
    <subfield code="a">937262447</subfield>
    <subfield code="b">DE-Ma9</subfield>
    <subfield code="c">GBV</subfield>
    <subfield code="d">L</subfield>
    <subfield code="g">2009.03933:1</subfield>
    <subfield code="i">Magazin 2/Hennings</subfield>
  </datafield>
  <datafield tag="924" ind1="0" ind2=" ">
    <subfield code="a">782720536</subfield>
    <subfield code="b">DE-715</subfield>
    <subfield code="c">GBV</subfield>
    <subfield code="d">L</subfield>
    <subfield code="g">vwl 417 AK 7572</subfield>
  </datafield>
  <datafield tag="924" ind1="0" ind2=" ">
    <subfield code="a">792481941</subfield>
    <subfield code="b">DE-517</subfield>
    <subfield code="c">GBV</subfield>
    <subfield code="d">L</subfield>
    <subfield code="g">B78:233</subfield>
    <subfield code="i">3280</subfield>
  </datafield>
  <datafield tag="924" ind1="0" ind2=" ">
    <subfield code="a">312839735X</subfield>
    <subfield code="b">DE-21</subfield>
    <subfield code="9">21</subfield>
    <subfield code="c">BSZ</subfield>
    <subfield code="d">c</subfield>
    <subfield code="g">17 A 7660</subfield>
  </datafield>
  <datafield tag="924" ind1="0" ind2=" ">
    <subfield code="a">3128397422</subfield>
    <subfield code="b">DE-21-19</subfield>
    <subfield code="9">21/19</subfield>
    <subfield code="c">BSZ</subfield>
    <subfield code="d">b</subfield>
    <subfield code="g">MIb 491</subfield>
    <subfield code="9">p</subfield>
  </datafield>
  <datafield tag="924" ind1="0" ind2=" ">
    <subfield code="a">3128397481</subfield>
    <subfield code="b">DE-25</subfield>
    <subfield code="9">25</subfield>
    <subfield code="c">BSZ</subfield>
    <subfield code="d">c</subfield>
    <subfield code="g">SW 77/476</subfield>
  </datafield>
  <datafield tag="924" ind1="0" ind2=" ">
    <subfield code="a">3128397619</subfield>
    <subfield code="b">DE-14</subfield>
    <subfield code="9">14</subfield>
    <subfield code="c">BSZ</subfield>
    <subfield code="d">c</subfield>
  </datafield>
  <datafield tag="924" ind1="0" ind2=" ">
    <subfield code="a">3128397686</subfield>
    <subfield code="b">DE-352</subfield>
    <subfield code="9">352</subfield>
    <subfield code="c">BSZ</subfield>
    <subfield code="d">c</subfield>
    <subfield code="g">wrm 333.50/w13</subfield>
  </datafield>
  <datafield tag="924" ind1="0" ind2=" ">
    <subfield code="a">3128397775</subfield>
    <subfield code="b">DE-24</subfield>
    <subfield code="9">24</subfield>
    <subfield code="c">BSZ</subfield>
    <subfield code="d">c</subfield>
    <subfield code="g">30/7526</subfield>
  </datafield>
  <datafield tag="924" ind1="0" ind2=" ">
    <subfield code="a">3128397813</subfield>
    <subfield code="b">DE-180</subfield>
    <subfield code="9">180</subfield>
    <subfield code="c">BSZ</subfield>
    <subfield code="d">d</subfield>
    <subfield code="g">300 QM 300 W132</subfield>
    <subfield code="h">300</subfield>
  </datafield>
  <datafield tag="924" ind1="0" ind2=" ">
    <subfield code="a">3128397821</subfield>
    <subfield code="b">DE-180</subfield>
    <subfield code="9">180</subfield>
    <subfield code="c">BSZ</subfield>
    <subfield code="d">c</subfield>
    <subfield code="g">AE 8335</subfield>
    <subfield code="h">MAG08</subfield>
  </datafield>
  <datafield tag="924" ind1="0" ind2=" ">
    <subfield code="a">3128397880</subfield>
    <subfield code="b">DE-90</subfield>
    <subfield code="9">90</subfield>
    <subfield code="c">BSZ</subfield>
    <subfield code="d">c</subfield>
    <subfield code="g">77 A 1980</subfield>
  </datafield>
  <datafield tag="924" ind1="0" ind2=" ">
    <subfield code="a">3128397910</subfield>
    <subfield code="b">DE-93</subfield>
    <subfield code="9">93</subfield>
    <subfield code="c">BSZ</subfield>
    <subfield code="d">c</subfield>
    <subfield code="g">3J 2027-39</subfield>
  </datafield>
  <datafield tag="924" ind1="0" ind2=" ">
    <subfield code="a">3128397996</subfield>
    <subfield code="b">DE-31</subfield>
    <subfield code="9">31</subfield>
    <subfield code="c">BSZ</subfield>
    <subfield code="d">c</subfield>
    <subfield code="g">80 A 3962</subfield>
  </datafield>
  <datafield tag="924" ind1="0" ind2=" ">
    <subfield code="a">3128398070</subfield>
    <subfield code="b">DE-100</subfield>
    <subfield code="9">100</subfield>
    <subfield code="c">BSZ</subfield>
    <subfield code="d">d</subfield>
    <subfield code="g">2521/6</subfield>
    <subfield code="h">31</subfield>
    <subfield code="9">p</subfield>
  </datafield>
  <datafield tag="924" ind1="0" ind2=" ">
    <subfield code="a">3128398135</subfield>
    <subfield code="b">DE-Sp3</subfield>
    <subfield code="9">Sp 3</subfield>
    <subfield code="c">BSZ</subfield>
    <subfield code="d">b</subfield>
    <subfield code="g">B VII 407</subfield>
    <subfield code="9">p</subfield>
  </datafield>
  <datafield tag="924" ind1="0" ind2=" ">
    <subfield code="a">3128398151</subfield>
    <subfield code="b">DE-951</subfield>
    <subfield code="9">951</subfield>
    <subfield code="c">BSZ</subfield>
    <subfield code="d">c</subfield>
    <subfield code="g">21156</subfield>
  </datafield>
  <datafield tag="924" ind1="0" ind2=" ">
    <subfield code="a">3128398232</subfield>
    <subfield code="b">ZDB-HU-100</subfield>
    <subfield code="9">ZDB-HU-100</subfield>
    <subfield code="c">BSZ</subfield>
    <subfield code="d">b</subfield>
    <subfield code="9">p</subfield>
  </datafield>
  <datafield tag="935" ind1=" " ind2=" ">
    <subfield code="i">Blocktest</subfield>
  </datafield>
  <datafield tag="936" ind1="r" ind2="v">
    <subfield code="a">QM 300</subfield>
    <subfield code="b">Allgemeines. Zahlungsbilanztheorie</subfield>
    <subfield code="k">Wirtschaftswissenschaften</subfield>
    <subfield code="k">Internationaler Handel. Zahlungsbilanz und Wechselkurse</subfield>
    <subfield code="k">Zahlungsbilanz. Anpassungsmechanismus. Wechselkurs. Internationale Währungsordnung (überwiegend monetäre Aspekte)</subfield>
    <subfield code="k">Allgemeines. Zahlungsbilanztheorie</subfield>
    <subfield code="0">1271486261</subfield>
    <subfield code="0">(DE-627)1271486261</subfield>
    <subfield code="0">(DE-576)201486261</subfield>
    <subfield code="0">(DE-625)141775:</subfield>
  </datafield>
  <datafield tag="936" ind1="r" ind2="v">
    <subfield code="a">QM 333</subfield>
    <subfield code="b">Internationale vertraglich vereinbarte Währungsordnungen, IMF, Europäische Währungsunion</subfield>
    <subfield code="k">Wirtschaftswissenschaften</subfield>
    <subfield code="k">Internationaler Handel. Zahlungsbilanz und Wechselkurse</subfield>
    <subfield code="k">Zahlungsbilanz. Anpassungsmechanismus. Wechselkurs. Internationale Währungsordnung (überwiegend monetäre Aspekte)</subfield>
    <subfield code="k">Internationale monetäre Anpassungsmechanismen</subfield>
    <subfield code="k">Internationale vertraglich vereinbarte Währungsordnungen, IMF, Europäische Währungsunion</subfield>
    <subfield code="0">1271479532</subfield>
    <subfield code="0">(DE-627)1271479532</subfield>
    <subfield code="0">(DE-576)201479532</subfield>
    <subfield code="0">(DE-625)141780:</subfield>
  </datafield>
  <datafield tag="936" ind1="r" ind2="v">
    <subfield code="a">QK 200</subfield>
    <subfield code="b">Allgemeines</subfield>
    <subfield code="k">Wirtschaftswissenschaften</subfield>
    <subfield code="k">Geld, Kredit- und Bankwesen. Bankbetriebslehre</subfield>
    <subfield code="k">Geld, Währung, Währungsstandards</subfield>
    <subfield code="k">Allgemeines</subfield>
    <subfield code="0">1271483270</subfield>
    <subfield code="0">(DE-627)1271483270</subfield>
    <subfield code="0">(DE-576)201483270</subfield>
    <subfield code="0">(DE-625)141634:</subfield>
  </datafield>
<datafield tag="690" ind1="H" ind2="D">
            <subfield code="8">YM</subfield>
            <subfield code="a">Wirtschaftswissenschaften : Internationaler Handel. Zahlungsbilanz und Wechselkurse</subfield>
            <subfield code="2">HSG-IFF</subfield>
        </datafield></record>