<record xmlns="http://www.loc.gov/MARC21/slim">
  <leader>04606cam a2200697   4500</leader>
  <controlfield tag="001">(DE-627)025806718</controlfield>
  <controlfield tag="003">DE-627</controlfield>
  <controlfield tag="005">20190317215941.0</controlfield>
  <controlfield tag="007">tu</controlfield>
  <controlfield tag="008">900301s1983    xx |||||      00| ||eng c</controlfield>
  <datafield tag="010" ind1=" " ind2=" ">
    <subfield code="a">81009442 </subfield>
  </datafield>
  <datafield tag="020" ind1=" " ind2=" ">
    <subfield code="a">0262560283</subfield>
  </datafield>
  <datafield tag="020" ind1=" " ind2=" ">
    <subfield code="a">0262060744</subfield>
  </datafield>
  <datafield tag="035" ind1=" " ind2=" ">
    <subfield code="a">(DE-627)025806718</subfield>
  </datafield>
  <datafield tag="035" ind1=" " ind2=" ">
    <subfield code="a">(DE-576)008867844</subfield>
  </datafield>
  <datafield tag="035" ind1=" " ind2=" ">
    <subfield code="a">(DE-599)GBV025806718</subfield>
  </datafield>
  <datafield tag="035" ind1=" " ind2=" ">
    <subfield code="a">(OCoLC)10066893</subfield>
  </datafield>
  <datafield tag="035" ind1=" " ind2=" ">
    <subfield code="a">(OCoLC)10066893</subfield>
  </datafield>
  <datafield tag="035" ind1=" " ind2=" ">
    <subfield code="a">(JUB)b10110434</subfield>
  </datafield>
  <datafield tag="040" ind1=" " ind2=" ">
    <subfield code="a">DE-627</subfield>
    <subfield code="b">ger</subfield>
    <subfield code="c">DE-627</subfield>
    <subfield code="e">rakwb</subfield>
  </datafield>
  <datafield tag="041" ind1=" " ind2=" ">
    <subfield code="a">eng</subfield>
  </datafield>
  <datafield tag="044" ind1=" " ind2=" ">
    <subfield code="c">XD-US</subfield>
  </datafield>
  <datafield tag="050" ind1=" " ind2="0">
    <subfield code="a">HD3616.U47</subfield>
  </datafield>
  <datafield tag="082" ind1="0" ind2=" ">
    <subfield code="a">353.0082</subfield>
  </datafield>
  <datafield tag="082" ind1="0" ind2=" ">
    <subfield code="a">353.0082</subfield>
    <subfield code="q">OCLC</subfield>
  </datafield>
  <datafield tag="082" ind1="0" ind2=" ">
    <subfield code="a">353.0082</subfield>
    <subfield code="q">OCLC</subfield>
  </datafield>
  <datafield tag="084" ind1=" " ind2=" ">
    <subfield code="a">AP 11800</subfield>
    <subfield code="2">rvk</subfield>
  </datafield>
  <datafield tag="084" ind1=" " ind2=" ">
    <subfield code="a">QR 300</subfield>
    <subfield code="2">rvk</subfield>
  </datafield>
  <datafield tag="245" ind1="1" ind2="0">
    <subfield code="a">Studies in public regulation</subfield>
    <subfield code="c">ed. by Gary Fromm</subfield>
  </datafield>
  <datafield tag="250" ind1=" " ind2=" ">
    <subfield code="a">1. MIT Press paperback ed.</subfield>
  </datafield>
  <datafield tag="264" ind1=" " ind2="1">
    <subfield code="a">Cambridge, Mass. [u.a.]</subfield>
    <subfield code="b">MIT Pr.</subfield>
    <subfield code="c">1983</subfield>
  </datafield>
  <datafield tag="300" ind1=" " ind2=" ">
    <subfield code="a">XII, 393 S</subfield>
    <subfield code="b">graph. Darst</subfield>
    <subfield code="c">24 cm</subfield>
  </datafield>
  <datafield tag="336" ind1=" " ind2=" ">
    <subfield code="a">Text</subfield>
    <subfield code="b">txt</subfield>
    <subfield code="2">rdacontent</subfield>
  </datafield>
  <datafield tag="337" ind1=" " ind2=" ">
    <subfield code="a">ohne Hilfsmittel zu benutzen</subfield>
    <subfield code="b">n</subfield>
    <subfield code="2">rdamedia</subfield>
  </datafield>
  <datafield tag="338" ind1=" " ind2=" ">
    <subfield code="a">Band</subfield>
    <subfield code="b">nc</subfield>
    <subfield code="2">rdacarrier</subfield>
  </datafield>
  <datafield tag="490" ind1="1" ind2=" ">
    <subfield code="a">MIT press series on the regulation of economic activity</subfield>
    <subfield code="v">4</subfield>
  </datafield>
  <datafield tag="500" ind1=" " ind2=" ">
    <subfield code="a">8 Beiträge.</subfield>
  </datafield>
  <datafield tag="501" ind1=" " ind2=" ">
    <subfield code="a">Regulation in theory and practice / Paul L. Joskow and Roger G. Noll -- Income-distribution concerns in regulatory policymaking / Robert D. Willig and Elizabeth E. Bailey -- Theory of solvency regulation in the property and casualty insurance industry / Patricia Munch and Dennis Smallwood -- Regulation, barriers to exit, and the investment behavior of railroads / Richard C. Levin -- The political economy of federal regulatory activity / Robert A. Leone and John E. Jackson -- Regulation and the multiproduct firm / Melvyn A. Fuss and Leonard Waverman -- Open entry and cross-subsidization in regulated markets / Kenneth C. Baseman -- Current developments in the economics of regulation / Sam Peltzman.</subfield>
  </datafield>
  <datafield tag="501" ind1=" " ind2=" ">
    <subfield code="a">Regulation in theory and practice / Paul L. Joskow and Roger G. Noll -- Income-distribution concerns in regulatory policymaking / Robert D. Willig and Elizabeth E. Bailey -- Theory of solvency regulation in the property and casualty insurance industry / Patricia Munch and Dennis Smallwood -- Regulation, barriers to exit, and the investment behavior of railroads / Richard C. Levin -- The political economy of federal regulatory activity / Robert A. Leone and John E. Jackson -- Regulation and the multiproduct firm / Melvyn A. Fuss and Leonard Waverman -- Open entry and cross-subsidization in regulated markets / Kenneth C. Baseman -- Current developments in the economics of regulation / Sam Peltzman.</subfield>
  </datafield>
  <datafield tag="591" ind1=" " ind2=" ">
    <subfield code="a">580 KLUB/SRA ; 720 ff. (DDC): GBV/LOC; 5090 maschinell aus ähnlichen Titelaufnahmen ergänzt ; IMD-Felder und 1131 maschinell ergänzt (SWB)</subfield>
  </datafield>
  <datafield tag="650" ind1="0" ind2="7">
    <subfield code="0">(DE-588)4066493-4</subfield>
    <subfield code="0">(DE-627)104117133</subfield>
    <subfield code="0">(DE-576)209164816</subfield>
    <subfield code="a">Wirtschaftspolitik</subfield>
    <subfield code="2">gnd</subfield>
  </datafield>
  <datafield tag="651" ind1=" " ind2="7">
    <subfield code="0">(DE-588)4078704-7</subfield>
    <subfield code="0">(DE-627)106076612</subfield>
    <subfield code="0">(DE-576)209209682</subfield>
    <subfield code="a">USA</subfield>
    <subfield code="2">gnd</subfield>
  </datafield>
  <datafield tag="653" ind1=" " ind2="0">
    <subfield code="a">Trade regulation</subfield>
    <subfield code="x">United States</subfield>
    <subfield code="x">Congresses</subfield>
  </datafield>
  <datafield tag="653" ind1=" " ind2="0">
    <subfield code="a">Trade regulation</subfield>
    <subfield code="x">Congresses</subfield>
  </datafield>
  <datafield tag="655" ind1=" " ind2="7">
    <subfield code="a">Konferenzschrift</subfield>
    <subfield code="y">1977</subfield>
    <subfield code="z">Washington, DC</subfield>
    <subfield code="0">(DE-588)1071861417</subfield>
    <subfield code="0">(DE-627)826484824</subfield>
    <subfield code="0">(DE-576)433375485</subfield>
    <subfield code="2">gnd-content</subfield>
  </datafield>
  <datafield tag="655" ind1=" " ind2="7">
    <subfield code="a">Aufsatzsammlung</subfield>
    <subfield code="0">(DE-588)4143413-4</subfield>
    <subfield code="0">(DE-627)105605727</subfield>
    <subfield code="0">(DE-576)209726091</subfield>
    <subfield code="2">gnd-content</subfield>
  </datafield>
  <datafield tag="689" ind1="0" ind2="0">
    <subfield code="D">s</subfield>
    <subfield code="0">(DE-588)4201190-5</subfield>
    <subfield code="0">(DE-627)105167835</subfield>
    <subfield code="0">(DE-576)210140321</subfield>
    <subfield code="a">Regulierung</subfield>
    <subfield code="2">gnd</subfield>
  </datafield>
  <datafield tag="689" ind1="0" ind2=" ">
    <subfield code="5">DE-576</subfield>
  </datafield>
  <datafield tag="700" ind1="1" ind2=" ">
    <subfield code="a">Fromm, Gary</subfield>
    <subfield code="e">Hrsg.</subfield>
    <subfield code="4">edt</subfield>
  </datafield>
  <datafield tag="710" ind1="2" ind2=" ">
    <subfield code="a">National Bureau of Economic Research</subfield>
    <subfield code="4">oth</subfield>
  </datafield>
  <datafield tag="830" ind1=" " ind2="0">
    <subfield code="a">MIT Press series on the regulation of economic activity</subfield>
    <subfield code="v">4</subfield>
    <subfield code="g">4,83</subfield>
    <subfield code="w">(DE-627)130546844</subfield>
    <subfield code="w">(DE-576)009759425</subfield>
    <subfield code="0">(DE-600)781209-7</subfield>
  </datafield>
  <datafield tag="856" ind1="4" ind2="2">
    <subfield code="u">http://swbplus.bsz-bw.de/bsz008867844inh.htm</subfield>
    <subfield code="m">V:DE-576</subfield>
    <subfield code="q">text/html</subfield>
    <subfield code="3">Inhaltsverzeichnis</subfield>
  </datafield>
  <datafield tag="924" ind1="1" ind2=" ">
    <subfield code="a">842825622</subfield>
    <subfield code="b">DE-8</subfield>
    <subfield code="c">GBV</subfield>
    <subfield code="d">N</subfield>
    <subfield code="g">V 8-1-3066</subfield>
    <subfield code="i">8/9</subfield>
  </datafield>
  <datafield tag="924" ind1="1" ind2=" ">
    <subfield code="a">1660698049</subfield>
    <subfield code="b">DE-27</subfield>
    <subfield code="c">GBV</subfield>
    <subfield code="d">L</subfield>
    <subfield code="g">WIR:SD:100:F932::1983</subfield>
    <subfield code="i">J 142</subfield>
  </datafield>
  <datafield tag="924" ind1="1" ind2=" ">
    <subfield code="a">035659513</subfield>
    <subfield code="b">DE-Luen4</subfield>
    <subfield code="c">GBV</subfield>
    <subfield code="g">VWL 515.021</subfield>
    <subfield code="i">CAM</subfield>
  </datafield>
  <datafield tag="924" ind1="1" ind2=" ">
    <subfield code="a">1806355116</subfield>
    <subfield code="b">DE-579</subfield>
    <subfield code="c">GBV</subfield>
    <subfield code="d">L</subfield>
    <subfield code="g">HD3616.U47 C544 1977b</subfield>
  </datafield>
  <datafield tag="924" ind1="1" ind2=" ">
    <subfield code="a">3178363602</subfield>
    <subfield code="b">DE-291-109</subfield>
    <subfield code="9">291/109</subfield>
    <subfield code="c">BSZ</subfield>
    <subfield code="d">b</subfield>
    <subfield code="9">p</subfield>
  </datafield>
  <datafield tag="924" ind1="1" ind2=" ">
    <subfield code="a">3178363726</subfield>
    <subfield code="b">DE-352</subfield>
    <subfield code="9">352</subfield>
    <subfield code="c">BSZ</subfield>
    <subfield code="d">c</subfield>
  </datafield>
  <datafield tag="935" ind1=" " ind2=" ">
    <subfield code="i">Blocktest</subfield>
  </datafield>
  <datafield tag="936" ind1="r" ind2="v">
    <subfield code="a">AP 11800</subfield>
    <subfield code="b">Sammelwerke mehrerer Verfasser</subfield>
    <subfield code="k">Allgemeines</subfield>
    <subfield code="k">Medien- und Kommunikationswissenschaften, Kommunikationsdesign</subfield>
    <subfield code="k">Bibliografien und Sammelschriften</subfield>
    <subfield code="k">Sammelwerke mehrerer Verfasser</subfield>
    <subfield code="0">127068406X</subfield>
    <subfield code="0">(DE-627)127068406X</subfield>
    <subfield code="0">(DE-576)20068406X</subfield>
    <subfield code="0">(DE-625)rvk/6855:</subfield>
  </datafield>
  <datafield tag="936" ind1="r" ind2="v">
    <subfield code="a">QR 300</subfield>
    <subfield code="b">Allgemeines</subfield>
    <subfield code="k">Wirtschaftswissenschaften</subfield>
    <subfield code="k">Gewerbepolitik. Einzelne Wirtschaftszweige</subfield>
    <subfield code="k">Wettbewerbs- und Monopolpolitik</subfield>
    <subfield code="k">Allgemeines</subfield>
    <subfield code="0">1271357232</subfield>
    <subfield code="0">(DE-627)1271357232</subfield>
    <subfield code="0">(DE-576)201357232</subfield>
    <subfield code="0">(DE-625)rvk/142024:</subfield>
  </datafield>
<datafield tag="690" ind1="H" ind2="D">
            <subfield code="8">YL1</subfield>
            <subfield code="a">Wirtschaftswissenschaften : Finanzwissenschaft. Betriebswirtschaftliche Steuerlehre : Allgemeines</subfield>
            <subfield code="2">HSG-IFF</subfield>
        </datafield></record>