<record xmlns="http://www.loc.gov/MARC21/slim">
  <leader>02706cam a2200517   4500</leader>
  <controlfield tag="001">(DE-627)1084064790</controlfield>
  <controlfield tag="003">DE-627</controlfield>
  <controlfield tag="005">20180717213939.0</controlfield>
  <controlfield tag="007">tu</controlfield>
  <controlfield tag="008">880516s1988    xx ||||| m    00| ||ger c</controlfield>
  <datafield tag="024" ind1="8" ind2=" ">
    <subfield code="a">1039</subfield>
    <subfield code="q">Hochschulschriftennummer</subfield>
  </datafield>
  <datafield tag="035" ind1=" " ind2=" ">
    <subfield code="a">(DE-627)1084064790</subfield>
  </datafield>
  <datafield tag="035" ind1=" " ind2=" ">
    <subfield code="a">(DE-576)014064790</subfield>
  </datafield>
  <datafield tag="035" ind1=" " ind2=" ">
    <subfield code="a">(DE-599)BSZ014064790</subfield>
  </datafield>
  <datafield tag="035" ind1=" " ind2=" ">
    <subfield code="a">(OCoLC)46134857</subfield>
  </datafield>
  <datafield tag="035" ind1=" " ind2=" ">
    <subfield code="a">(DE-604)8010443959</subfield>
  </datafield>
  <datafield tag="040" ind1=" " ind2=" ">
    <subfield code="a">DE-627</subfield>
    <subfield code="b">ger</subfield>
    <subfield code="c">DE-627</subfield>
    <subfield code="e">rakwb</subfield>
  </datafield>
  <datafield tag="041" ind1=" " ind2=" ">
    <subfield code="a">ger</subfield>
  </datafield>
  <datafield tag="084" ind1=" " ind2=" ">
    <subfield code="a">AR 28100</subfield>
    <subfield code="2">rvk</subfield>
  </datafield>
  <datafield tag="084" ind1=" " ind2=" ">
    <subfield code="a">QT 200</subfield>
    <subfield code="2">rvk</subfield>
  </datafield>
  <datafield tag="100" ind1="1" ind2=" ">
    <subfield code="a">Minsch, Jürg</subfield>
  </datafield>
  <datafield tag="245" ind1="1" ind2="0">
    <subfield code="a">Ursache und Verursacherprinzip im Umweltbereich</subfield>
    <subfield code="b">zur theoretischen Fundierung einer verursacherorientierten Umweltpolitik</subfield>
    <subfield code="c">von Jürg Minsch</subfield>
  </datafield>
  <datafield tag="264" ind1=" " ind2="1">
    <subfield code="a">St. Gallen</subfield>
    <subfield code="b">Surbir</subfield>
    <subfield code="c">1988</subfield>
  </datafield>
  <datafield tag="300" ind1=" " ind2=" ">
    <subfield code="a">XII, 392 S.</subfield>
    <subfield code="b">graph. Darst.</subfield>
  </datafield>
  <datafield tag="336" ind1=" " ind2=" ">
    <subfield code="a">Text</subfield>
    <subfield code="b">txt</subfield>
    <subfield code="2">rdacontent</subfield>
  </datafield>
  <datafield tag="337" ind1=" " ind2=" ">
    <subfield code="a">ohne Hilfsmittel zu benutzen</subfield>
    <subfield code="b">n</subfield>
    <subfield code="2">rdamedia</subfield>
  </datafield>
  <datafield tag="338" ind1=" " ind2=" ">
    <subfield code="a">Band</subfield>
    <subfield code="b">nc</subfield>
    <subfield code="2">rdacarrier</subfield>
  </datafield>
  <datafield tag="502" ind1=" " ind2=" ">
    <subfield code="a">Zugl.: St. Gallen, Hochschule, Diss., 1987</subfield>
  </datafield>
  <datafield tag="591" ind1=" " ind2=" ">
    <subfield code="a">720 ff. bvb; 580 ff. bvb ; 5090: DDSU/sred ; IMD-Felder und 1131 maschinell ergänzt (SWB)</subfield>
  </datafield>
  <datafield tag="655" ind1=" " ind2="7">
    <subfield code="a">Hochschulschrift</subfield>
    <subfield code="0">(DE-588)4113937-9</subfield>
    <subfield code="0">(DE-627)105825778</subfield>
    <subfield code="0">(DE-576)209480580</subfield>
    <subfield code="2">gnd-content</subfield>
  </datafield>
  <datafield tag="689" ind1="0" ind2="0">
    <subfield code="D">s</subfield>
    <subfield code="0">(DE-588)4078523-3</subfield>
    <subfield code="0">(DE-627)106077090</subfield>
    <subfield code="0">(DE-576)209209038</subfield>
    <subfield code="a">Umweltpolitik</subfield>
    <subfield code="2">gnd</subfield>
  </datafield>
  <datafield tag="689" ind1="0" ind2="1">
    <subfield code="D">s</subfield>
    <subfield code="0">(DE-588)4063311-1</subfield>
    <subfield code="0">(DE-627)10458484X</subfield>
    <subfield code="0">(DE-576)209148101</subfield>
    <subfield code="a">Verursacherprinzip</subfield>
    <subfield code="2">gnd</subfield>
  </datafield>
  <datafield tag="689" ind1="0" ind2=" ">
    <subfield code="5">DE-576</subfield>
  </datafield>
  <datafield tag="751" ind1=" " ind2=" ">
    <subfield code="a">Sankt Gallen</subfield>
    <subfield code="0">(DE-588)4051594-1</subfield>
    <subfield code="0">(DE-627)106176315</subfield>
    <subfield code="0">(DE-576)209094036</subfield>
    <subfield code="4">uvp</subfield>
  </datafield>
  <datafield tag="856" ind1="4" ind2="2">
    <subfield code="m">B:DE-101</subfield>
    <subfield code="u">http://d-nb.info/880677538/04</subfield>
    <subfield code="q">application/pdf</subfield>
    <subfield code="3">Inhaltsverzeichnis</subfield>
  </datafield>
  <datafield tag="924" ind1="0" ind2=" ">
    <subfield code="a">2106335555</subfield>
    <subfield code="b">DE-21</subfield>
    <subfield code="9">21</subfield>
    <subfield code="c">BSZ</subfield>
    <subfield code="d">c</subfield>
    <subfield code="g">28 A 8721</subfield>
  </datafield>
  <datafield tag="924" ind1="0" ind2=" ">
    <subfield code="a">2106335563</subfield>
    <subfield code="b">DE-21-24</subfield>
    <subfield code="9">21/24</subfield>
    <subfield code="c">BSZ</subfield>
    <subfield code="d">b</subfield>
    <subfield code="g">Oe M,Vf,192</subfield>
    <subfield code="9">p</subfield>
  </datafield>
  <datafield tag="924" ind1="0" ind2=" ">
    <subfield code="a">2106335458</subfield>
    <subfield code="b">DE-25</subfield>
    <subfield code="9">25</subfield>
    <subfield code="c">BSZ</subfield>
    <subfield code="d">c</subfield>
    <subfield code="g">TM 88/2153</subfield>
  </datafield>
  <datafield tag="924" ind1="0" ind2=" ">
    <subfield code="a">2106335512</subfield>
    <subfield code="b">DE-291</subfield>
    <subfield code="9">291</subfield>
    <subfield code="c">BSZ</subfield>
    <subfield code="d">c</subfield>
    <subfield code="g">H 80-38</subfield>
  </datafield>
  <datafield tag="924" ind1="0" ind2=" ">
    <subfield code="a">210633544X</subfield>
    <subfield code="b">DE-14</subfield>
    <subfield code="9">14</subfield>
    <subfield code="c">BSZ</subfield>
    <subfield code="d">c</subfield>
  </datafield>
  <datafield tag="924" ind1="0" ind2=" ">
    <subfield code="a">2106335504</subfield>
    <subfield code="b">DE-24</subfield>
    <subfield code="9">24</subfield>
    <subfield code="c">BSZ</subfield>
    <subfield code="d">c</subfield>
    <subfield code="g">39/2249</subfield>
  </datafield>
  <datafield tag="924" ind1="0" ind2=" ">
    <subfield code="a">2917283963</subfield>
    <subfield code="b">DE-180</subfield>
    <subfield code="9">180</subfield>
    <subfield code="c">BSZ</subfield>
    <subfield code="d">c</subfield>
    <subfield code="g">Diss A 7718</subfield>
    <subfield code="h">MAG11</subfield>
  </datafield>
  <datafield tag="924" ind1="0" ind2=" ">
    <subfield code="a">2106335466</subfield>
    <subfield code="b">DE-16</subfield>
    <subfield code="9">16</subfield>
    <subfield code="c">BSZ</subfield>
    <subfield code="d">c</subfield>
    <subfield code="g">90 P 131</subfield>
  </datafield>
  <datafield tag="924" ind1="0" ind2=" ">
    <subfield code="a">2106335539</subfield>
    <subfield code="b">DE-Sp3</subfield>
    <subfield code="9">Sp 3</subfield>
    <subfield code="c">BSZ</subfield>
    <subfield code="d">b</subfield>
    <subfield code="9">p</subfield>
  </datafield>
  <datafield tag="936" ind1="r" ind2="v">
    <subfield code="a">AR 28100</subfield>
    <subfield code="b">Umweltpolitik, (nur Umweltpolitik allg.) Umweltzertifikat (UVP als Planungsinstrument, UVP allg. s. AR 14100)</subfield>
    <subfield code="k">Allgemeines</subfield>
    <subfield code="k">Naturschutz und Umweltschutz</subfield>
    <subfield code="k">Politik, Wirtschaft, Finanzierung, Internationale Zusammenarbeit</subfield>
    <subfield code="k">Umweltpolitik, (nur Umweltpolitik allg.) Umweltzertifikat (UVP als Planungsinstrument, UVP allg. s. AR 14100)</subfield>
    <subfield code="0">1270698176</subfield>
    <subfield code="0">(DE-627)1270698176</subfield>
    <subfield code="0">(DE-576)200698176</subfield>
    <subfield code="0">(DE-625)8630:</subfield>
  </datafield>
  <datafield tag="936" ind1="r" ind2="v">
    <subfield code="a">QT 200</subfield>
    <subfield code="b">Erhaltungsmaßnahmen</subfield>
    <subfield code="k">Wirtschaftswissenschaften</subfield>
    <subfield code="k">Umweltökonomie</subfield>
    <subfield code="k">Erhaltungsmaßnahmen</subfield>
    <subfield code="0">1271477912</subfield>
    <subfield code="0">(DE-627)1271477912</subfield>
    <subfield code="0">(DE-576)201477912</subfield>
    <subfield code="0">(DE-625)142106:</subfield>
  </datafield>
<datafield tag="690" ind1="H" ind2="D">
            <subfield code="8">YY</subfield>
            <subfield code="a">Wirtschaftswissenschaften : Regionale Wirtschaftspolitik. Stadtplanung</subfield>
            <subfield code="2">HSG-IFF</subfield>
        </datafield></record>