<record xmlns="http://www.loc.gov/MARC21/slim">
  <leader>03012cam a2200529   4500</leader>
  <controlfield tag="001">(DE-627)1652002073</controlfield>
  <controlfield tag="003">DE-627</controlfield>
  <controlfield tag="005">20180718115628.0</controlfield>
  <controlfield tag="007">tu</controlfield>
  <controlfield tag="008">910529s1991    xx |||||      00| ||ger c</controlfield>
  <datafield tag="020" ind1=" " ind2=" ">
    <subfield code="a">3725303940</subfield>
  </datafield>
  <datafield tag="035" ind1=" " ind2=" ">
    <subfield code="a">(DE-627)1652002073</subfield>
  </datafield>
  <datafield tag="035" ind1=" " ind2=" ">
    <subfield code="a">(DE-576)02432289X</subfield>
  </datafield>
  <datafield tag="035" ind1=" " ind2=" ">
    <subfield code="a">(DE-599)BSZ02432289X</subfield>
  </datafield>
  <datafield tag="035" ind1=" " ind2=" ">
    <subfield code="a">(OCoLC)29223870</subfield>
  </datafield>
  <datafield tag="035" ind1=" " ind2=" ">
    <subfield code="a">(DE-604)8054858712</subfield>
  </datafield>
  <datafield tag="040" ind1=" " ind2=" ">
    <subfield code="a">DE-627</subfield>
    <subfield code="b">ger</subfield>
    <subfield code="c">DE-627</subfield>
    <subfield code="e">rakwb</subfield>
  </datafield>
  <datafield tag="041" ind1=" " ind2=" ">
    <subfield code="a">ger</subfield>
  </datafield>
  <datafield tag="084" ind1=" " ind2=" ">
    <subfield code="a">QT 200</subfield>
    <subfield code="2">rvk</subfield>
  </datafield>
  <datafield tag="084" ind1=" " ind2=" ">
    <subfield code="a">QC 160</subfield>
    <subfield code="2">rvk</subfield>
  </datafield>
  <datafield tag="084" ind1=" " ind2=" ">
    <subfield code="a">RK 30915</subfield>
    <subfield code="2">rvk</subfield>
  </datafield>
  <datafield tag="100" ind1="1" ind2=" ">
    <subfield code="a">Meier, Ruedi</subfield>
  </datafield>
  <datafield tag="245" ind1="1" ind2="0">
    <subfield code="a">Umweltabgaben für die Schweiz</subfield>
    <subfield code="b">ein Beitrag zur Ökologisierung von Wirtschaft und Gesellschaft</subfield>
    <subfield code="c">Ruedi Meier; Felix Walter</subfield>
  </datafield>
  <datafield tag="264" ind1=" " ind2="1">
    <subfield code="a">Chur [u.a.]</subfield>
    <subfield code="b">Rüegger</subfield>
    <subfield code="c">1991</subfield>
  </datafield>
  <datafield tag="300" ind1=" " ind2=" ">
    <subfield code="a">VII, 194 S.</subfield>
    <subfield code="b">graph. Darst.</subfield>
  </datafield>
  <datafield tag="336" ind1=" " ind2=" ">
    <subfield code="a">Text</subfield>
    <subfield code="b">txt</subfield>
    <subfield code="2">rdacontent</subfield>
  </datafield>
  <datafield tag="337" ind1=" " ind2=" ">
    <subfield code="a">ohne Hilfsmittel zu benutzen</subfield>
    <subfield code="b">n</subfield>
    <subfield code="2">rdamedia</subfield>
  </datafield>
  <datafield tag="338" ind1=" " ind2=" ">
    <subfield code="a">Band</subfield>
    <subfield code="b">nc</subfield>
    <subfield code="2">rdacarrier</subfield>
  </datafield>
  <datafield tag="591" ind1=" " ind2=" ">
    <subfield code="a">720 ff. bvb ; 5090: DDSU/sred ; IMD-Felder und 1131 maschinell ergänzt (SWB)</subfield>
  </datafield>
  <datafield tag="689" ind1="0" ind2="0">
    <subfield code="D">g</subfield>
    <subfield code="0">(DE-588)4053881-3</subfield>
    <subfield code="0">(DE-627)104584904</subfield>
    <subfield code="0">(DE-576)20910614X</subfield>
    <subfield code="a">Schweiz</subfield>
    <subfield code="2">gnd</subfield>
  </datafield>
  <datafield tag="689" ind1="0" ind2="1">
    <subfield code="D">s</subfield>
    <subfield code="0">(DE-588)4078523-3</subfield>
    <subfield code="0">(DE-627)106077090</subfield>
    <subfield code="0">(DE-576)209209038</subfield>
    <subfield code="a">Umweltpolitik</subfield>
    <subfield code="2">gnd</subfield>
  </datafield>
  <datafield tag="689" ind1="0" ind2="2">
    <subfield code="D">s</subfield>
    <subfield code="0">(DE-588)4129442-7</subfield>
    <subfield code="0">(DE-627)105709840</subfield>
    <subfield code="0">(DE-576)209610557</subfield>
    <subfield code="a">Umweltabgabe</subfield>
    <subfield code="2">gnd</subfield>
  </datafield>
  <datafield tag="689" ind1="0" ind2=" ">
    <subfield code="5">DE-101</subfield>
  </datafield>
  <datafield tag="700" ind1="1" ind2=" ">
    <subfield code="a">Walter, Félix</subfield>
    <subfield code="4">aut</subfield>
  </datafield>
  <datafield tag="856" ind1="4" ind2="2">
    <subfield code="m">B:DE-101</subfield>
    <subfield code="u">http://d-nb.info/930175921/04</subfield>
    <subfield code="q">application/pdf</subfield>
    <subfield code="3">Inhaltsverzeichnis</subfield>
  </datafield>
  <datafield tag="924" ind1="0" ind2=" ">
    <subfield code="a">3355804800</subfield>
    <subfield code="b">DE-21-17</subfield>
    <subfield code="9">21/17</subfield>
    <subfield code="c">BSZ</subfield>
    <subfield code="d">b</subfield>
    <subfield code="g">22g/10</subfield>
    <subfield code="9">p</subfield>
  </datafield>
  <datafield tag="924" ind1="0" ind2=" ">
    <subfield code="a">3355804819</subfield>
    <subfield code="b">DE-25</subfield>
    <subfield code="9">25</subfield>
    <subfield code="c">BSZ</subfield>
    <subfield code="d">c</subfield>
    <subfield code="g">SW 91/2311</subfield>
  </datafield>
  <datafield tag="924" ind1="0" ind2=" ">
    <subfield code="a">3355804835</subfield>
    <subfield code="b">DE-14</subfield>
    <subfield code="9">14</subfield>
    <subfield code="c">BSZ</subfield>
    <subfield code="d">c</subfield>
    <subfield code="g">94 8 19440</subfield>
  </datafield>
  <datafield tag="924" ind1="0" ind2=" ">
    <subfield code="a">3355804851</subfield>
    <subfield code="b">DE-352</subfield>
    <subfield code="9">352</subfield>
    <subfield code="c">BSZ</subfield>
    <subfield code="d">c</subfield>
    <subfield code="g">wru 260.50:n/m24</subfield>
  </datafield>
  <datafield tag="924" ind1="0" ind2=" ">
    <subfield code="a">3355804878</subfield>
    <subfield code="b">DE-180</subfield>
    <subfield code="9">180</subfield>
    <subfield code="c">BSZ</subfield>
    <subfield code="d">d</subfield>
    <subfield code="g">Ö 82/027/054</subfield>
    <subfield code="h">300</subfield>
  </datafield>
  <datafield tag="924" ind1="0" ind2=" ">
    <subfield code="a">3355804886</subfield>
    <subfield code="b">DE-180</subfield>
    <subfield code="9">180</subfield>
    <subfield code="c">BSZ</subfield>
    <subfield code="d">d</subfield>
    <subfield code="g">7000 Me 511 us</subfield>
    <subfield code="h">400</subfield>
  </datafield>
  <datafield tag="924" ind1="0" ind2=" ">
    <subfield code="a">3355804908</subfield>
    <subfield code="b">DE-16-160</subfield>
    <subfield code="9">16/160</subfield>
    <subfield code="c">BSZ</subfield>
    <subfield code="d">c</subfield>
    <subfield code="g">WS/RK 30915 M511</subfield>
  </datafield>
  <datafield tag="924" ind1="0" ind2=" ">
    <subfield code="a">3355804932</subfield>
    <subfield code="b">DE-Frei85</subfield>
    <subfield code="9">Frei 85</subfield>
    <subfield code="c">BSZ</subfield>
    <subfield code="d">b</subfield>
    <subfield code="9">p</subfield>
  </datafield>
  <datafield tag="924" ind1="0" ind2=" ">
    <subfield code="a">3355804959</subfield>
    <subfield code="b">DE-Kh1</subfield>
    <subfield code="9">Kh 1</subfield>
    <subfield code="c">BSZ</subfield>
    <subfield code="d">c</subfield>
  </datafield>
  <datafield tag="936" ind1="r" ind2="v">
    <subfield code="a">QT 200</subfield>
    <subfield code="b">Erhaltungsmaßnahmen</subfield>
    <subfield code="k">Wirtschaftswissenschaften</subfield>
    <subfield code="k">Umweltökonomie</subfield>
    <subfield code="k">Erhaltungsmaßnahmen</subfield>
    <subfield code="0">1271477912</subfield>
    <subfield code="0">(DE-627)1271477912</subfield>
    <subfield code="0">(DE-576)201477912</subfield>
    <subfield code="0">(DE-625)142106:</subfield>
  </datafield>
  <datafield tag="936" ind1="r" ind2="v">
    <subfield code="a">QC 160</subfield>
    <subfield code="b">Welfare Economics. Normative Theorie. Werturteilsproblem</subfield>
    <subfield code="k">Wirtschaftswissenschaften</subfield>
    <subfield code="k">Wirtschaftstheorie, einschließlich Geldtheorie</subfield>
    <subfield code="k">Wert-, Preis- und Allokationstheorie</subfield>
    <subfield code="k">Preis und Märkte. Unternehmenstheorie. Theorie des Industriezweiges (Branche oder Teilaggregat). Institutionenökonomie</subfield>
    <subfield code="k">Welfare Economics. Normative Theorie. Werturteilsproblem</subfield>
    <subfield code="0">127149714X</subfield>
    <subfield code="0">(DE-627)127149714X</subfield>
    <subfield code="0">(DE-576)20149714X</subfield>
    <subfield code="0">(DE-625)141257:</subfield>
  </datafield>
  <datafield tag="936" ind1="r" ind2="v">
    <subfield code="a">RK 30915</subfield>
    <subfield code="b">Naturschutz, Landschaftspflege, Landschaftsgestaltung, Umweltschutz</subfield>
    <subfield code="k">Geografie</subfield>
    <subfield code="k">Regionale Geografie</subfield>
    <subfield code="k">Europa</subfield>
    <subfield code="k">Mitteleuropa</subfield>
    <subfield code="k">Alpenländer</subfield>
    <subfield code="k">Schweiz</subfield>
    <subfield code="k">Sachschlüssel zur Geografie</subfield>
    <subfield code="k">Angewandte Geografie</subfield>
    <subfield code="k">Teilgebiete und Einzelfragen</subfield>
    <subfield code="k">Naturschutz, Landschaftspflege, Landschaftsgestaltung, Umweltschutz</subfield>
    <subfield code="0">1271529890</subfield>
    <subfield code="0">(DE-627)1271529890</subfield>
    <subfield code="0">(DE-576)201529890</subfield>
    <subfield code="0">(DE-625)142342:12902</subfield>
  </datafield>
<datafield tag="690" ind1="H" ind2="D">
            <subfield code="8">GC</subfield>
            <subfield code="a">Finanzrecht : Kausalabgaben</subfield>
            <subfield code="2">HSG-IFF</subfield>
        </datafield></record>