<record xmlns="http://www.loc.gov/MARC21/slim">
  <leader>03085cam a2200673   4500</leader>
  <controlfield tag="001">(DE-627)039971309</controlfield>
  <controlfield tag="003">DE-627</controlfield>
  <controlfield tag="005">20190317211153.0</controlfield>
  <controlfield tag="007">tu</controlfield>
  <controlfield tag="008">950804s1981    xx ||||| m    00| ||ger c</controlfield>
  <datafield tag="015" ind1=" " ind2=" ">
    <subfield code="a">81,A28,1107</subfield>
    <subfield code="2">dnb</subfield>
  </datafield>
  <datafield tag="016" ind1="7" ind2=" ">
    <subfield code="a">810560062</subfield>
    <subfield code="2">DE-101</subfield>
  </datafield>
  <datafield tag="020" ind1=" " ind2=" ">
    <subfield code="a">3725521026</subfield>
  </datafield>
  <datafield tag="035" ind1=" " ind2=" ">
    <subfield code="a">(DE-627)039971309</subfield>
  </datafield>
  <datafield tag="035" ind1=" " ind2=" ">
    <subfield code="a">(DE-576)008064180</subfield>
  </datafield>
  <datafield tag="035" ind1=" " ind2=" ">
    <subfield code="a">(DE-599)GBV039971309</subfield>
  </datafield>
  <datafield tag="035" ind1=" " ind2=" ">
    <subfield code="a">(OCoLC)8765105</subfield>
  </datafield>
  <datafield tag="035" ind1=" " ind2=" ">
    <subfield code="a">(OCoLC)08765105</subfield>
  </datafield>
  <datafield tag="035" ind1=" " ind2=" ">
    <subfield code="a">(DE-604)8012528455</subfield>
  </datafield>
  <datafield tag="040" ind1=" " ind2=" ">
    <subfield code="a">DE-627</subfield>
    <subfield code="b">ger</subfield>
    <subfield code="c">DE-627</subfield>
    <subfield code="e">rakwb</subfield>
  </datafield>
  <datafield tag="041" ind1=" " ind2=" ">
    <subfield code="a">ger</subfield>
  </datafield>
  <datafield tag="044" ind1=" " ind2=" ">
    <subfield code="c">XA-CH</subfield>
  </datafield>
  <datafield tag="082" ind1="0" ind2=" ">
    <subfield code="a">338.1/8494</subfield>
    <subfield code="q">OCLC</subfield>
  </datafield>
  <datafield tag="084" ind1=" " ind2=" ">
    <subfield code="a">22a</subfield>
    <subfield code="2">sdnb</subfield>
  </datafield>
  <datafield tag="084" ind1=" " ind2=" ">
    <subfield code="a">QS 700</subfield>
    <subfield code="2">rvk</subfield>
  </datafield>
  <datafield tag="084" ind1=" " ind2=" ">
    <subfield code="a">ZB 56500</subfield>
    <subfield code="2">rvk</subfield>
  </datafield>
  <datafield tag="100" ind1="1" ind2=" ">
    <subfield code="a">Altermatt, Bruno</subfield>
  </datafield>
  <datafield tag="245" ind1="1" ind2="0">
    <subfield code="a">Verteilungswirkungen der schweizerischen Landwirtschaftspolitik</subfield>
    <subfield code="c">Bruno Altermatt</subfield>
  </datafield>
  <datafield tag="264" ind1=" " ind2="1">
    <subfield code="a">Zuerich</subfield>
    <subfield code="b">Polygraph. Verl.</subfield>
    <subfield code="c">1981</subfield>
  </datafield>
  <datafield tag="300" ind1=" " ind2=" ">
    <subfield code="a">XI, 318 S</subfield>
    <subfield code="b">graph. Darst</subfield>
    <subfield code="c">8°</subfield>
  </datafield>
  <datafield tag="336" ind1=" " ind2=" ">
    <subfield code="a">Text</subfield>
    <subfield code="b">txt</subfield>
    <subfield code="2">rdacontent</subfield>
  </datafield>
  <datafield tag="337" ind1=" " ind2=" ">
    <subfield code="a">ohne Hilfsmittel zu benutzen</subfield>
    <subfield code="b">n</subfield>
    <subfield code="2">rdamedia</subfield>
  </datafield>
  <datafield tag="338" ind1=" " ind2=" ">
    <subfield code="a">Band</subfield>
    <subfield code="b">nc</subfield>
    <subfield code="2">rdacarrier</subfield>
  </datafield>
  <datafield tag="490" ind1="1" ind2=" ">
    <subfield code="a">Basler sozialökonomische Studien</subfield>
    <subfield code="v">13</subfield>
  </datafield>
  <datafield tag="490" ind1="1" ind2=" ">
    <subfield code="a">Basler Dissertation</subfield>
  </datafield>
  <datafield tag="502" ind1=" " ind2=" ">
    <subfield code="a">Zugl.: Basel, Univ., Diss., 1980</subfield>
  </datafield>
  <datafield tag="591" ind1=" " ind2=" ">
    <subfield code="a">720 ff. bvb; 580 ff. bvb ; IMD-Felder und 1131 maschinell ergänzt (SWB)</subfield>
  </datafield>
  <datafield tag="655" ind1=" " ind2="7">
    <subfield code="a">Hochschulschrift</subfield>
    <subfield code="0">(DE-588)4113937-9</subfield>
    <subfield code="0">(DE-627)105825778</subfield>
    <subfield code="0">(DE-576)209480580</subfield>
    <subfield code="2">gnd-content</subfield>
  </datafield>
  <datafield tag="689" ind1="0" ind2="0">
    <subfield code="D">g</subfield>
    <subfield code="0">(DE-588)4053881-3</subfield>
    <subfield code="0">(DE-627)104584904</subfield>
    <subfield code="0">(DE-576)20910614X</subfield>
    <subfield code="a">Schweiz</subfield>
    <subfield code="2">gnd</subfield>
  </datafield>
  <datafield tag="689" ind1="0" ind2="1">
    <subfield code="D">s</subfield>
    <subfield code="0">(DE-588)4000771-6</subfield>
    <subfield code="0">(DE-627)10640010X</subfield>
    <subfield code="0">(DE-576)208839348</subfield>
    <subfield code="a">Agrarpolitik</subfield>
    <subfield code="2">gnd</subfield>
  </datafield>
  <datafield tag="689" ind1="0" ind2="2">
    <subfield code="D">s</subfield>
    <subfield code="0">(DE-588)4123447-9</subfield>
    <subfield code="0">(DE-627)10443449X</subfield>
    <subfield code="0">(DE-576)209559799</subfield>
    <subfield code="a">Inzidenz</subfield>
    <subfield code="g">Wirtschaft</subfield>
    <subfield code="2">gnd</subfield>
  </datafield>
  <datafield tag="689" ind1="0" ind2=" ">
    <subfield code="5">DE-576</subfield>
  </datafield>
  <datafield tag="751" ind1=" " ind2=" ">
    <subfield code="a">Basel</subfield>
    <subfield code="0">(DE-588)4004617-5</subfield>
    <subfield code="0">(DE-627)10638497X</subfield>
    <subfield code="0">(DE-576)208856919</subfield>
    <subfield code="4">uvp</subfield>
  </datafield>
  <datafield tag="830" ind1=" " ind2="0">
    <subfield code="a">Basler sozialökonomische Studien</subfield>
    <subfield code="v">13</subfield>
    <subfield code="g">1300</subfield>
    <subfield code="w">(DE-627)129397318</subfield>
    <subfield code="w">(DE-576)003701077</subfield>
    <subfield code="0">(DE-600)185901-8</subfield>
  </datafield>
  <datafield tag="924" ind1="1" ind2=" ">
    <subfield code="a">076948382</subfield>
    <subfield code="b">DE-18</subfield>
    <subfield code="c">GBV</subfield>
    <subfield code="d">L</subfield>
    <subfield code="g">A 1981/6310</subfield>
    <subfield code="i">SUB</subfield>
  </datafield>
  <datafield tag="924" ind1="1" ind2=" ">
    <subfield code="a">33180123X</subfield>
    <subfield code="b">DE-8</subfield>
    <subfield code="c">GBV</subfield>
    <subfield code="d">L</subfield>
    <subfield code="g">P 6554-13</subfield>
    <subfield code="i">17</subfield>
  </datafield>
  <datafield tag="924" ind1="1" ind2=" ">
    <subfield code="a">624784835</subfield>
    <subfield code="b">DE-206</subfield>
    <subfield code="c">GBV</subfield>
    <subfield code="i">K:</subfield>
    <subfield code="g">B 174324</subfield>
    <subfield code="d">L</subfield>
  </datafield>
  <datafield tag="924" ind1="1" ind2=" ">
    <subfield code="a">821599364</subfield>
    <subfield code="b">DE-206</subfield>
    <subfield code="c">GBV</subfield>
    <subfield code="d">L</subfield>
    <subfield code="g">1981 A 1623</subfield>
    <subfield code="h">206/1</subfield>
    <subfield code="i">H:</subfield>
  </datafield>
  <datafield tag="924" ind1="1" ind2=" ">
    <subfield code="a">332440710</subfield>
    <subfield code="b">DE-547</subfield>
    <subfield code="c">GBV</subfield>
    <subfield code="d">L</subfield>
    <subfield code="g">668554</subfield>
    <subfield code="i">MAG</subfield>
  </datafield>
  <datafield tag="924" ind1="1" ind2=" ">
    <subfield code="a">274759489</subfield>
    <subfield code="b">DE-7</subfield>
    <subfield code="c">GBV</subfield>
    <subfield code="d">N</subfield>
    <subfield code="g">342,353</subfield>
    <subfield code="h">7/45</subfield>
    <subfield code="i">7/118</subfield>
  </datafield>
  <datafield tag="924" ind1="1" ind2=" ">
    <subfield code="a">582512166</subfield>
    <subfield code="b">DE-89</subfield>
    <subfield code="c">GBV</subfield>
    <subfield code="d">N</subfield>
    <subfield code="g">oek 5686 3ea/03</subfield>
    <subfield code="h">89/18</subfield>
    <subfield code="i">FBW</subfield>
  </datafield>
  <datafield tag="924" ind1="1" ind2=" ">
    <subfield code="a">3159397920</subfield>
    <subfield code="b">DE-21</subfield>
    <subfield code="9">21</subfield>
    <subfield code="c">BSZ</subfield>
    <subfield code="d">c</subfield>
    <subfield code="g">21 A 8023</subfield>
  </datafield>
  <datafield tag="924" ind1="1" ind2=" ">
    <subfield code="a">3159397998</subfield>
    <subfield code="b">DE-25</subfield>
    <subfield code="9">25</subfield>
    <subfield code="c">BSZ</subfield>
    <subfield code="d">c</subfield>
    <subfield code="g">SW 81/409</subfield>
  </datafield>
  <datafield tag="924" ind1="1" ind2=" ">
    <subfield code="a">3159398021</subfield>
    <subfield code="b">DE-291</subfield>
    <subfield code="9">291</subfield>
    <subfield code="c">BSZ</subfield>
    <subfield code="d">c</subfield>
    <subfield code="g">82-2312</subfield>
  </datafield>
  <datafield tag="924" ind1="1" ind2=" ">
    <subfield code="a">3159398080</subfield>
    <subfield code="b">DE-352</subfield>
    <subfield code="9">352</subfield>
    <subfield code="c">BSZ</subfield>
    <subfield code="d">c</subfield>
    <subfield code="g">wrr 685:n/t81</subfield>
  </datafield>
  <datafield tag="924" ind1="1" ind2=" ">
    <subfield code="a">3159398129</subfield>
    <subfield code="b">DE-16</subfield>
    <subfield code="9">16</subfield>
    <subfield code="c">BSZ</subfield>
    <subfield code="d">c</subfield>
    <subfield code="g">81 P 519</subfield>
  </datafield>
  <datafield tag="935" ind1=" " ind2=" ">
    <subfield code="i">Blocktest</subfield>
  </datafield>
  <datafield tag="936" ind1="r" ind2="v">
    <subfield code="a">QS 700</subfield>
    <subfield code="b">Agrarpolitik</subfield>
    <subfield code="k">Wirtschaftswissenschaften</subfield>
    <subfield code="k">Landwirtschaft</subfield>
    <subfield code="k">Agrarpolitik</subfield>
    <subfield code="0">1271493667</subfield>
    <subfield code="0">(DE-627)1271493667</subfield>
    <subfield code="0">(DE-576)201493667</subfield>
    <subfield code="0">(DE-625)rvk/142102:</subfield>
  </datafield>
  <datafield tag="936" ind1="r" ind2="v">
    <subfield code="a">ZB 56500</subfield>
    <subfield code="b">International, Allgemeines</subfield>
    <subfield code="k">Land- und Forstwirtschaft. Gartenbau. Fischereiwirtschaft. Hauswirtschaft</subfield>
    <subfield code="k">Wirtschafts- und Sozialwissenschaften</subfield>
    <subfield code="k">Agrarpolitik</subfield>
    <subfield code="k">Agrarpolitische Instrumente</subfield>
    <subfield code="k">International, Allgemeines</subfield>
    <subfield code="0">1272045439</subfield>
    <subfield code="0">(DE-627)1272045439</subfield>
    <subfield code="0">(DE-576)202045439</subfield>
    <subfield code="0">(DE-625)rvk/154478:1552</subfield>
  </datafield>
<datafield tag="690" ind1="H" ind2="D">
            <subfield code="8">YR</subfield>
            <subfield code="a">Wirtschaftswissenschaften : Gewerbepolitik. Einzelne Wirtschaftszweige</subfield>
            <subfield code="2">HSG-IFF</subfield>
        </datafield></record>