<record xmlns="http://www.loc.gov/MARC21/slim">
  <leader>00799cam a22002532 c4500</leader>
  <controlfield tag="001">(DE-627)072738669</controlfield>
  <controlfield tag="003">DE-627</controlfield>
  <controlfield tag="005">20180317145036.0</controlfield>
  <controlfield tag="007">tu</controlfield>
  <controlfield tag="008">020501s1970    xx |||||      00| ||und c</controlfield>
  <datafield tag="020" ind1=" " ind2=" ">
    <subfield code="a">0471454303</subfield>
  </datafield>
  <datafield tag="035" ind1=" " ind2=" ">
    <subfield code="a">(DE-627)072738669</subfield>
  </datafield>
  <datafield tag="035" ind1=" " ind2=" ">
    <subfield code="a">(DE-599)GBV072738669</subfield>
  </datafield>
  <datafield tag="035" ind1=" " ind2=" ">
    <subfield code="a">(OCoLC)630613438</subfield>
  </datafield>
  <datafield tag="040" ind1=" " ind2=" ">
    <subfield code="a">DE-627</subfield>
    <subfield code="b">ger</subfield>
    <subfield code="c">DE-627</subfield>
    <subfield code="e">rakwb</subfield>
  </datafield>
  <datafield tag="100" ind1="1" ind2=" ">
    <subfield code="a">Kahn, Alfred E.</subfield>
  </datafield>
  <datafield tag="245" ind1="1" ind2="4">
    <subfield code="a">The economics of regulation</subfield>
    <subfield code="b">principles and institutions</subfield>
    <subfield code="p">Economic principles</subfield>
  </datafield>
  <datafield tag="264" ind1=" " ind2="1">
    <subfield code="a">New York [u.a.]</subfield>
    <subfield code="b">Wiley</subfield>
    <subfield code="c">1970</subfield>
  </datafield>
  <datafield tag="300" ind1=" " ind2=" ">
    <subfield code="a">XII, 212 S</subfield>
    <subfield code="b">graph. Darst</subfield>
  </datafield>
  <datafield tag="336" ind1=" " ind2=" ">
    <subfield code="a">Text</subfield>
    <subfield code="b">txt</subfield>
    <subfield code="2">rdacontent</subfield>
  </datafield>
  <datafield tag="337" ind1=" " ind2=" ">
    <subfield code="a">ohne Hilfsmittel zu benutzen</subfield>
    <subfield code="b">n</subfield>
    <subfield code="2">rdamedia</subfield>
  </datafield>
  <datafield tag="338" ind1=" " ind2=" ">
    <subfield code="a">Band</subfield>
    <subfield code="b">nc</subfield>
    <subfield code="2">rdacarrier</subfield>
  </datafield>
  <datafield tag="773" ind1="1" ind2="8">
    <subfield code="w">(DE-627)073315249</subfield>
    <subfield code="g">1</subfield>
    <subfield code="q">1.1970</subfield>
  </datafield>
  <datafield tag="924" ind1="1" ind2=" ">
    <subfield code="a">780807200</subfield>
    <subfield code="b">DE-715</subfield>
    <subfield code="c">GBV</subfield>
    <subfield code="d">L</subfield>
    <subfield code="g">vwl 318.5 AW 6989-1</subfield>
  </datafield>
<datafield tag="690" ind1="H" ind2="D">
            <subfield code="8">YC</subfield>
            <subfield code="a">Wirtschaftswissenschaften : Wirtschaftstheorie, einschliesslich Geldtheorie</subfield>
            <subfield code="2">HSG-IFF</subfield>
        </datafield></record>