<record xmlns="http://www.loc.gov/MARC21/slim">
  <leader>02100cam a2200445   4500</leader>
  <controlfield tag="001">(DE-627)1613977425</controlfield>
  <controlfield tag="003">DE-627</controlfield>
  <controlfield tag="005">20171111085607.0</controlfield>
  <controlfield tag="007">tu</controlfield>
  <controlfield tag="008">850101s1981    xx |||||      00| ||eng c</controlfield>
  <datafield tag="020" ind1=" " ind2=" ">
    <subfield code="a">0043360734</subfield>
  </datafield>
  <datafield tag="035" ind1=" " ind2=" ">
    <subfield code="a">(DE-627)1613977425</subfield>
  </datafield>
  <datafield tag="035" ind1=" " ind2=" ">
    <subfield code="a">(DE-576)008906041</subfield>
  </datafield>
  <datafield tag="035" ind1=" " ind2=" ">
    <subfield code="a">(DE-599)BSZ008906041</subfield>
  </datafield>
  <datafield tag="035" ind1=" " ind2=" ">
    <subfield code="a">(OCoLC)310656562</subfield>
  </datafield>
  <datafield tag="035" ind1=" " ind2=" ">
    <subfield code="a">(OCoLC)883585309</subfield>
  </datafield>
  <datafield tag="035" ind1=" " ind2=" ">
    <subfield code="a">(DE-604)8059896582</subfield>
  </datafield>
  <datafield tag="040" ind1=" " ind2=" ">
    <subfield code="a">DE-627</subfield>
    <subfield code="b">ger</subfield>
    <subfield code="c">DE-627</subfield>
    <subfield code="e">rakwb</subfield>
  </datafield>
  <datafield tag="041" ind1=" " ind2=" ">
    <subfield code="a">eng</subfield>
  </datafield>
  <datafield tag="084" ind1=" " ind2=" ">
    <subfield code="a">QV 200</subfield>
    <subfield code="2">rvk</subfield>
  </datafield>
  <datafield tag="084" ind1=" " ind2=" ">
    <subfield code="a">QL 410</subfield>
    <subfield code="2">rvk</subfield>
  </datafield>
  <datafield tag="245" ind1="1" ind2="0">
    <subfield code="a">Taxation and labour supply</subfield>
    <subfield code="c">[Hrsg.] C. V. Brown</subfield>
  </datafield>
  <datafield tag="264" ind1=" " ind2="1">
    <subfield code="a">London</subfield>
    <subfield code="b">Allen &amp; Unwin</subfield>
    <subfield code="c">1981</subfield>
  </datafield>
  <datafield tag="300" ind1=" " ind2=" ">
    <subfield code="a">304 S.</subfield>
  </datafield>
  <datafield tag="336" ind1=" " ind2=" ">
    <subfield code="a">Text</subfield>
    <subfield code="b">txt</subfield>
    <subfield code="2">rdacontent</subfield>
  </datafield>
  <datafield tag="337" ind1=" " ind2=" ">
    <subfield code="a">ohne Hilfsmittel zu benutzen</subfield>
    <subfield code="b">n</subfield>
    <subfield code="2">rdamedia</subfield>
  </datafield>
  <datafield tag="338" ind1=" " ind2=" ">
    <subfield code="a">Band</subfield>
    <subfield code="b">nc</subfield>
    <subfield code="2">rdacarrier</subfield>
  </datafield>
  <datafield tag="591" ind1=" " ind2=" ">
    <subfield code="a">720 ff. bvb; 580 ff. bvb ; IMD-Felder und 1131 maschinell ergänzt (SWB)</subfield>
  </datafield>
  <datafield tag="689" ind1="0" ind2="0">
    <subfield code="D">s</subfield>
    <subfield code="0">(DE-588)4057447-7</subfield>
    <subfield code="0">(DE-627)10455942X</subfield>
    <subfield code="0">(DE-576)20912203X</subfield>
    <subfield code="a">Steuerpolitik</subfield>
    <subfield code="2">gnd</subfield>
  </datafield>
  <datafield tag="689" ind1="0" ind2="1">
    <subfield code="D">s</subfield>
    <subfield code="0">(DE-588)4112565-4</subfield>
    <subfield code="0">(DE-627)105836249</subfield>
    <subfield code="0">(DE-576)20946903X</subfield>
    <subfield code="a">Arbeitsangebot</subfield>
    <subfield code="2">gnd</subfield>
  </datafield>
  <datafield tag="689" ind1="0" ind2=" ">
    <subfield code="5">DE-576</subfield>
  </datafield>
  <datafield tag="689" ind1="1" ind2="0">
    <subfield code="D">g</subfield>
    <subfield code="0">(DE-588)4022153-2</subfield>
    <subfield code="0">(DE-627)104665513</subfield>
    <subfield code="0">(DE-576)208942076</subfield>
    <subfield code="a">Großbritannien</subfield>
    <subfield code="2">gnd</subfield>
  </datafield>
  <datafield tag="689" ind1="1" ind2="1">
    <subfield code="D">s</subfield>
    <subfield code="0">(DE-588)4057447-7</subfield>
    <subfield code="0">(DE-627)10455942X</subfield>
    <subfield code="0">(DE-576)20912203X</subfield>
    <subfield code="a">Steuerpolitik</subfield>
    <subfield code="2">gnd</subfield>
  </datafield>
  <datafield tag="689" ind1="1" ind2="2">
    <subfield code="D">s</subfield>
    <subfield code="0">(DE-588)4002733-8</subfield>
    <subfield code="0">(DE-627)106392174</subfield>
    <subfield code="0">(DE-576)208848509</subfield>
    <subfield code="a">Arbeitsmarkt</subfield>
    <subfield code="2">gnd</subfield>
  </datafield>
  <datafield tag="689" ind1="1" ind2=" ">
    <subfield code="5">DE-576</subfield>
  </datafield>
  <datafield tag="700" ind1="1" ind2=" ">
    <subfield code="a">Brown, Charles V.</subfield>
    <subfield code="e">Hrsg.</subfield>
    <subfield code="0">(DE-627)1230443460</subfield>
    <subfield code="0">(DE-576)160443466</subfield>
    <subfield code="4">edt</subfield>
  </datafield>
  <datafield tag="924" ind1="0" ind2=" ">
    <subfield code="a">3179852305</subfield>
    <subfield code="b">DE-352</subfield>
    <subfield code="9">352</subfield>
    <subfield code="c">BSZ</subfield>
    <subfield code="d">c</subfield>
    <subfield code="g">wrj 415/b76</subfield>
  </datafield>
  <datafield tag="924" ind1="0" ind2=" ">
    <subfield code="a">3179852380</subfield>
    <subfield code="b">DE-180</subfield>
    <subfield code="9">180</subfield>
    <subfield code="c">BSZ</subfield>
    <subfield code="d">d</subfield>
    <subfield code="g">300 QL 410 B877 T235</subfield>
    <subfield code="h">300</subfield>
  </datafield>
  <datafield tag="936" ind1="r" ind2="v">
    <subfield code="a">QV 200</subfield>
    <subfield code="b">Allgemeines</subfield>
    <subfield code="k">Wirtschaftswissenschaften</subfield>
    <subfield code="k">Arbeitnehmerfragen (Labor Economics)</subfield>
    <subfield code="k">Arbeitsangebot. Arbeitsmarkt</subfield>
    <subfield code="k">Allgemeines</subfield>
    <subfield code="0">1270742361</subfield>
    <subfield code="0">(DE-627)1270742361</subfield>
    <subfield code="0">(DE-576)200742361</subfield>
    <subfield code="0">(DE-625)142138:</subfield>
  </datafield>
  <datafield tag="936" ind1="r" ind2="v">
    <subfield code="a">QL 410</subfield>
    <subfield code="b">Steuerwirkungen</subfield>
    <subfield code="k">Wirtschaftswissenschaften</subfield>
    <subfield code="k">Finanzwissenschaft. Betriebswirtschaftliche Steuerlehre</subfield>
    <subfield code="k">Allgemeine Steuerlehre, Steuersystem einzelner Länder</subfield>
    <subfield code="k">Steuerwirkungen</subfield>
    <subfield code="0">1271531291</subfield>
    <subfield code="0">(DE-627)1271531291</subfield>
    <subfield code="0">(DE-576)201531291</subfield>
    <subfield code="0">(DE-625)141715:</subfield>
  </datafield>
<datafield tag="690" ind1="H" ind2="D">
            <subfield code="8">YN</subfield>
            <subfield code="a">Wirtschaftswissenschaften : Konjunkturschwankungen, Stabilitätspolitik</subfield>
            <subfield code="2">HSG-IFF</subfield>
        </datafield></record>