<record xmlns="http://www.loc.gov/MARC21/slim">
  <leader>02043nam a2200433 c 4500</leader>
  <controlfield tag="001">(DE-101)957623240</controlfield>
  <controlfield tag="003">DE-101</controlfield>
  <controlfield tag="005">20140616132529.0</controlfield>
  <controlfield tag="007">tu</controlfield>
  <controlfield tag="008">991006s1999    sz ||||| |||| 00||||ger  </controlfield>
  <datafield tag="015" ind1=" " ind2=" ">
    <subfield code="a">99,A46,0430</subfield>
    <subfield code="2">dnb</subfield>
  </datafield>
  <datafield tag="016" ind1="7" ind2=" ">
    <subfield code="2">DE-101</subfield>
    <subfield code="a">957623240</subfield>
  </datafield>
  <datafield tag="020" ind1=" " ind2=" ">
    <subfield code="a">9783856211448</subfield>
    <subfield code="c">Pp. : DM 198.00, sfr 180.00, S 1440.00</subfield>
    <subfield code="9">978-3-85621-144-8</subfield>
  </datafield>
  <datafield tag="020" ind1=" " ind2=" ">
    <subfield code="a">3856211446</subfield>
    <subfield code="c">Pp. : DM 198.00, sfr 180.00, S 1440.00</subfield>
    <subfield code="9">3-85621-144-6</subfield>
  </datafield>
  <datafield tag="035" ind1=" " ind2=" ">
    <subfield code="a">(DE-599)DNB957623240</subfield>
  </datafield>
  <datafield tag="035" ind1=" " ind2=" ">
    <subfield code="a">(OCoLC)612071863</subfield>
  </datafield>
  <datafield tag="040" ind1=" " ind2=" ">
    <subfield code="a">1140</subfield>
    <subfield code="b">ger</subfield>
    <subfield code="c">DE-101</subfield>
    <subfield code="d">1150</subfield>
  </datafield>
  <datafield tag="041" ind1=" " ind2=" ">
    <subfield code="a">ger</subfield>
  </datafield>
  <datafield tag="043" ind1=" " ind2=" ">
    <subfield code="c">XA-CH-SG</subfield>
  </datafield>
  <datafield tag="044" ind1=" " ind2=" ">
    <subfield code="c">XA-CH</subfield>
  </datafield>
  <datafield tag="082" ind1="7" ind2="4">
    <subfield code="a">340</subfield>
    <subfield code="q">DE-101</subfield>
    <subfield code="2">22sdnb</subfield>
  </datafield>
  <datafield tag="084" ind1=" " ind2=" ">
    <subfield code="a">340</subfield>
    <subfield code="q">DE-101</subfield>
    <subfield code="2">sdnb</subfield>
  </datafield>
  <datafield tag="084" ind1=" " ind2=" ">
    <subfield code="a">7.9b</subfield>
    <subfield code="q">DE-101</subfield>
    <subfield code="2">sswd</subfield>
  </datafield>
  <datafield tag="090" ind1=" " ind2=" ">
    <subfield code="a">b</subfield>
  </datafield>
  <datafield tag="245" ind1="0" ind2="0">
    <subfield code="a">Wegweiser durch das st. gallische Steuerrecht</subfield>
    <subfield code="b">Einführung, systematische Erläuterung, Gesetz und Verordnung, Sachregister</subfield>
    <subfield code="c">Autorenteam Heinz Weidmann ...</subfield>
  </datafield>
  <datafield tag="250" ind1=" " ind2=" ">
    <subfield code="a">6., vollst. überarb. und erw. Aufl.</subfield>
  </datafield>
  <datafield tag="259" ind1=" " ind2=" ">
    <subfield code="a">16</subfield>
  </datafield>
  <datafield tag="264" ind1=" " ind2="1">
    <subfield code="a">Muri-Bern</subfield>
    <subfield code="b">Cosmos</subfield>
    <subfield code="c">1999</subfield>
  </datafield>
  <datafield tag="300" ind1=" " ind2=" ">
    <subfield code="a">XXII, 582 S.</subfield>
    <subfield code="b">graph. Darst.</subfield>
    <subfield code="c">23 cm</subfield>
  </datafield>
  <datafield tag="650" ind1=" " ind2="7">
    <subfield code="0">(DE-588)4116614-0</subfield>
    <subfield code="0">http://d-nb.info/gnd/4116614-0</subfield>
    <subfield code="0">(DE-101)041166140</subfield>
    <subfield code="a">Steuerrecht</subfield>
    <subfield code="2">gnd</subfield>
  </datafield>
  <datafield tag="651" ind1=" " ind2="7">
    <subfield code="0">(DE-588)4051594-1</subfield>
    <subfield code="0">http://d-nb.info/gnd/4051594-1</subfield>
    <subfield code="0">(DE-101)04051594X</subfield>
    <subfield code="a">Sankt Gallen</subfield>
    <subfield code="2">gnd</subfield>
  </datafield>
  <datafield tag="689" ind1="0" ind2="0">
    <subfield code="0">(DE-588)4051594-1</subfield>
    <subfield code="0">http://d-nb.info/gnd/4051594-1</subfield>
    <subfield code="0">(DE-101)04051594X</subfield>
    <subfield code="D">g</subfield>
    <subfield code="a">Sankt Gallen</subfield>
  </datafield>
  <datafield tag="689" ind1="0" ind2="1">
    <subfield code="0">(DE-588)4116614-0</subfield>
    <subfield code="0">http://d-nb.info/gnd/4116614-0</subfield>
    <subfield code="0">(DE-101)041166140</subfield>
    <subfield code="D">s</subfield>
    <subfield code="a">Steuerrecht</subfield>
  </datafield>
  <datafield tag="689" ind1="0" ind2=" ">
    <subfield code="5">DE-101</subfield>
    <subfield code="5">DE-101</subfield>
  </datafield>
  <datafield tag="700" ind1="1" ind2=" ">
    <subfield code="0">(DE-588)107427907</subfield>
    <subfield code="0">http://d-nb.info/gnd/107427907</subfield>
    <subfield code="0">(DE-101)107427907</subfield>
    <subfield code="a">Weidmann, Heinz</subfield>
    <subfield code="4">ctb</subfield>
  </datafield>
  <datafield tag="780" ind1="0" ind2="0">
    <subfield code="i">Bis 5., vollst. überarb. und erw. Aufl. u.d.T.:</subfield>
    <subfield code="a">Weidmann, Heinz</subfield>
    <subfield code="t">Wegweiser durch das st.-gallische Steuerrecht</subfield>
    <subfield code="d">Muri-Bern : Cosmos-Verl., 1995</subfield>
    <subfield code="h">XIX, 428 S., graph. Darst.</subfield>
    <subfield code="w">(DE-101)944411444</subfield>
  </datafield>
  <datafield tag="785" ind1="0" ind2="0">
    <subfield code="i">7. vollst. überarb. Aufl. des Wegweisersu.d.T.:</subfield>
    <subfield code="a">Zigerlig, Rainer</subfield>
    <subfield code="t">Das St. Gallische Steuerrecht</subfield>
    <subfield code="d">Muri bei Bern : Cosmos, 2014</subfield>
    <subfield code="h">XXVIII, 507 S., graph. Darst.</subfield>
    <subfield code="w">(DE-101)1047913283</subfield>
  </datafield>
  <datafield tag="850" ind1=" " ind2=" ">
    <subfield code="a">DE-101a</subfield>
  </datafield>
  <datafield tag="925" ind1="r" ind2=" ">
    <subfield code="a">ra</subfield>
  </datafield>
<datafield tag="690" ind1="H" ind2="D">
            <subfield code="8">JC</subfield>
            <subfield code="a">Allgemeine Steuerrechtsliteratur : Schweizerische Kommentare und Handbücher</subfield>
            <subfield code="2">HSG-IFF</subfield>
        </datafield></record>