<record xmlns="http://www.loc.gov/MARC21/slim">
  <leader>07897cam a2201273   4500</leader>
  <controlfield tag="001">(DE-627)021982201</controlfield>
  <controlfield tag="003">DE-627</controlfield>
  <controlfield tag="005">20190318002554.0</controlfield>
  <controlfield tag="007">tu</controlfield>
  <controlfield tag="008">710101s1975    xx |||||      00| ||ger c</controlfield>
  <datafield tag="010" ind1=" " ind2=" ">
    <subfield code="a">75511322 </subfield>
  </datafield>
  <datafield tag="015" ind1=" " ind2=" ">
    <subfield code="a">75,A34,0221</subfield>
    <subfield code="2">dnb</subfield>
  </datafield>
  <datafield tag="016" ind1="7" ind2=" ">
    <subfield code="a">750325399</subfield>
    <subfield code="2">DE-101</subfield>
  </datafield>
  <datafield tag="020" ind1=" " ind2=" ">
    <subfield code="a">3503011102</subfield>
  </datafield>
  <datafield tag="035" ind1=" " ind2=" ">
    <subfield code="a">(DE-627)021982201</subfield>
  </datafield>
  <datafield tag="035" ind1=" " ind2=" ">
    <subfield code="a">(DE-576)01183479X</subfield>
  </datafield>
  <datafield tag="035" ind1=" " ind2=" ">
    <subfield code="a">(DE-599)GBV021982201</subfield>
  </datafield>
  <datafield tag="035" ind1=" " ind2=" ">
    <subfield code="a">(OCoLC)1603816</subfield>
  </datafield>
  <datafield tag="035" ind1=" " ind2=" ">
    <subfield code="a">(OCoLC)01603816</subfield>
  </datafield>
  <datafield tag="035" ind1=" " ind2=" ">
    <subfield code="a">(DE-604)8019589913</subfield>
  </datafield>
  <datafield tag="040" ind1=" " ind2=" ">
    <subfield code="a">DE-627</subfield>
    <subfield code="b">ger</subfield>
    <subfield code="c">DE-627</subfield>
    <subfield code="e">rakwb</subfield>
  </datafield>
  <datafield tag="041" ind1=" " ind2=" ">
    <subfield code="a">ger</subfield>
  </datafield>
  <datafield tag="044" ind1=" " ind2=" ">
    <subfield code="c">XA-DE</subfield>
  </datafield>
  <datafield tag="050" ind1=" " ind2="0">
    <subfield code="a">HC290.5.E5</subfield>
  </datafield>
  <datafield tag="084" ind1=" " ind2=" ">
    <subfield code="a">WI 68 (20)</subfield>
    <subfield code="2">sfb</subfield>
  </datafield>
  <datafield tag="084" ind1=" " ind2=" ">
    <subfield code="a">WI 62</subfield>
    <subfield code="2">sfb</subfield>
  </datafield>
  <datafield tag="084" ind1=" " ind2=" ">
    <subfield code="a">05a</subfield>
    <subfield code="2">sdnb</subfield>
  </datafield>
  <datafield tag="084" ind1=" " ind2=" ">
    <subfield code="a">PN 797</subfield>
    <subfield code="2">rvk</subfield>
  </datafield>
  <datafield tag="084" ind1=" " ind2=" ">
    <subfield code="a">QT 000</subfield>
    <subfield code="2">rvk</subfield>
  </datafield>
  <datafield tag="084" ind1=" " ind2=" ">
    <subfield code="a">AR 28300</subfield>
    <subfield code="2">rvk</subfield>
  </datafield>
  <datafield tag="084" ind1=" " ind2=" ">
    <subfield code="a">WK 1200</subfield>
    <subfield code="2">rvk</subfield>
  </datafield>
  <datafield tag="084" ind1=" " ind2=" ">
    <subfield code="a">QC 340</subfield>
    <subfield code="2">rvk</subfield>
  </datafield>
  <datafield tag="084" ind1=" " ind2=" ">
    <subfield code="a">PN 800</subfield>
    <subfield code="2">rvk</subfield>
  </datafield>
  <datafield tag="084" ind1=" " ind2=" ">
    <subfield code="a">PN 793</subfield>
    <subfield code="2">rvk</subfield>
  </datafield>
  <datafield tag="084" ind1=" " ind2=" ">
    <subfield code="a">QT 200</subfield>
    <subfield code="2">rvk</subfield>
  </datafield>
  <datafield tag="100" ind1="1" ind2=" ">
    <subfield code="a">Kunze, Jürgen</subfield>
    <subfield code="0">(DE-627)1231869216</subfield>
    <subfield code="0">(DE-576)161869211</subfield>
  </datafield>
  <datafield tag="245" ind1="1" ind2="0">
    <subfield code="a">Umweltschutz-Investitionen und Wirtschaftswachstum</subfield>
    <subfield code="b">die Eignung des Bruttosozialprodukts als Wachstumsindikator unter dem Aspekt der Umweltbelastung und verstärkter Maßnahmen zum Umweltschutz</subfield>
    <subfield code="c">von Jürgen Kunze</subfield>
  </datafield>
  <datafield tag="264" ind1=" " ind2="1">
    <subfield code="a">Berlin</subfield>
    <subfield code="b">Schmidt</subfield>
    <subfield code="c">1975</subfield>
  </datafield>
  <datafield tag="300" ind1=" " ind2=" ">
    <subfield code="a">48 S</subfield>
    <subfield code="b">Tab</subfield>
    <subfield code="c">8°</subfield>
  </datafield>
  <datafield tag="336" ind1=" " ind2=" ">
    <subfield code="a">Text</subfield>
    <subfield code="b">txt</subfield>
    <subfield code="2">rdacontent</subfield>
  </datafield>
  <datafield tag="337" ind1=" " ind2=" ">
    <subfield code="a">ohne Hilfsmittel zu benutzen</subfield>
    <subfield code="b">n</subfield>
    <subfield code="2">rdamedia</subfield>
  </datafield>
  <datafield tag="338" ind1=" " ind2=" ">
    <subfield code="a">Band</subfield>
    <subfield code="b">nc</subfield>
    <subfield code="2">rdacarrier</subfield>
  </datafield>
  <datafield tag="490" ind1="1" ind2=" ">
    <subfield code="a">Beiträge zur Umweltgestaltung</subfield>
    <subfield code="a">A</subfield>
    <subfield code="v">28</subfield>
  </datafield>
  <datafield tag="490" ind1="1" ind2=" ">
    <subfield code="a">FUST-Projekt</subfield>
    <subfield code="v">Nr 14</subfield>
  </datafield>
  <datafield tag="591" ind1=" " ind2=" ">
    <subfield code="a">720 ff. bvb ; 580 ff. bvb; PN 797:L1UB ; 5090: DDSU/sred ; IMD-Felder und 1131 maschinell ergänzt (SWB)</subfield>
  </datafield>
  <datafield tag="650" ind1=" " ind2="0">
    <subfield code="a">Environmental policy</subfield>
    <subfield code="x">Economic aspects</subfield>
    <subfield code="z">Germany, West</subfield>
  </datafield>
  <datafield tag="650" ind1=" " ind2="0">
    <subfield code="a">Environmental policy</subfield>
    <subfield code="x">Economic aspects</subfield>
  </datafield>
  <datafield tag="689" ind1="0" ind2="0">
    <subfield code="D">s</subfield>
    <subfield code="0">(DE-588)4066399-1</subfield>
    <subfield code="0">(DE-627)104346884</subfield>
    <subfield code="0">(DE-576)209164522</subfield>
    <subfield code="a">Wirtschaft</subfield>
    <subfield code="2">gnd</subfield>
  </datafield>
  <datafield tag="689" ind1="0" ind2="1">
    <subfield code="D">s</subfield>
    <subfield code="0">(DE-588)4061616-2</subfield>
    <subfield code="0">(DE-627)106135023</subfield>
    <subfield code="0">(DE-576)209140615</subfield>
    <subfield code="a">Umwelt</subfield>
    <subfield code="2">gnd</subfield>
  </datafield>
  <datafield tag="689" ind1="0" ind2=" ">
    <subfield code="5">DE-576</subfield>
  </datafield>
  <datafield tag="810" ind1="2" ind2=" ">
    <subfield code="a">Fonds für Umweltstudien</subfield>
    <subfield code="t">Fust-Projekt</subfield>
    <subfield code="v">14</subfield>
    <subfield code="9">14</subfield>
    <subfield code="w">(DE-627)130199931</subfield>
    <subfield code="w">(DE-576)015744469</subfield>
    <subfield code="w">(DE-600)531824-5</subfield>
  </datafield>
  <datafield tag="830" ind1=" " ind2="0">
    <subfield code="a">Beiträge zur Umweltgestaltung / A</subfield>
    <subfield code="v">28</subfield>
    <subfield code="9">2800</subfield>
    <subfield code="w">(DE-627)129295302</subfield>
    <subfield code="w">(DE-576)014488604</subfield>
    <subfield code="w">(DE-600)121086-5</subfield>
    <subfield code="x">0340-9716</subfield>
  </datafield>
  <datafield tag="924" ind1="0" ind2=" ">
    <subfield code="a">405703562</subfield>
    <subfield code="b">DE-1a</subfield>
    <subfield code="c">GBV</subfield>
    <subfield code="d">c</subfield>
    <subfield code="g">29 SA 2263-28</subfield>
    <subfield code="h">6</subfield>
  </datafield>
  <datafield tag="924" ind1="0" ind2=" ">
    <subfield code="a">148881696</subfield>
    <subfield code="b">DE-46</subfield>
    <subfield code="c">GBV</subfield>
    <subfield code="d">d</subfield>
    <subfield code="g">74/1 Bei. A 28</subfield>
    <subfield code="h">TB Wirtschaft</subfield>
  </datafield>
  <datafield tag="924" ind1="0" ind2=" ">
    <subfield code="a">183087267</subfield>
    <subfield code="b">DE-46</subfield>
    <subfield code="c">GBV</subfield>
    <subfield code="d">c</subfield>
    <subfield code="g">03.a.0455</subfield>
  </datafield>
  <datafield tag="924" ind1="0" ind2=" ">
    <subfield code="a">192800949</subfield>
    <subfield code="b">DE-18</subfield>
    <subfield code="c">GBV</subfield>
    <subfield code="d">d</subfield>
    <subfield code="g">9/16655</subfield>
    <subfield code="h">18/261</subfield>
  </datafield>
  <datafield tag="924" ind1="0" ind2=" ">
    <subfield code="a">09801904X</subfield>
    <subfield code="b">DE-18</subfield>
    <subfield code="c">GBV</subfield>
    <subfield code="d">c</subfield>
    <subfield code="g">X/16072: A 28</subfield>
    <subfield code="h">SUB</subfield>
  </datafield>
  <datafield tag="924" ind1="0" ind2=" ">
    <subfield code="a">367776154</subfield>
    <subfield code="b">DE-8</subfield>
    <subfield code="c">GBV</subfield>
    <subfield code="d">c</subfield>
    <subfield code="g">P 6093-28</subfield>
    <subfield code="h">17</subfield>
  </datafield>
  <datafield tag="924" ind1="0" ind2=" ">
    <subfield code="a">618568883</subfield>
    <subfield code="b">DE-8</subfield>
    <subfield code="c">GBV</subfield>
    <subfield code="d">d</subfield>
    <subfield code="g">V 29-1-51</subfield>
    <subfield code="h">8/9</subfield>
  </datafield>
  <datafield tag="924" ind1="0" ind2=" ">
    <subfield code="a">618611088</subfield>
    <subfield code="b">DE-8</subfield>
    <subfield code="c">GBV</subfield>
    <subfield code="d">d</subfield>
    <subfield code="g">Kl-30</subfield>
    <subfield code="h">8/9</subfield>
  </datafield>
  <datafield tag="924" ind1="0" ind2=" ">
    <subfield code="a">669451363</subfield>
    <subfield code="b">DE-206</subfield>
    <subfield code="c">GBV</subfield>
    <subfield code="d">c</subfield>
    <subfield code="g">A 103703</subfield>
    <subfield code="h">K:</subfield>
  </datafield>
  <datafield tag="924" ind1="0" ind2=" ">
    <subfield code="a">826079148</subfield>
    <subfield code="b">DE-206</subfield>
    <subfield code="c">GBV</subfield>
    <subfield code="d">c</subfield>
    <subfield code="g">1975 K 1218</subfield>
    <subfield code="h">A:</subfield>
  </datafield>
  <datafield tag="924" ind1="0" ind2=" ">
    <subfield code="a">106089560</subfield>
    <subfield code="b">DE-7</subfield>
    <subfield code="c">GBV</subfield>
    <subfield code="d">d</subfield>
    <subfield code="e">48</subfield>
    <subfield code="g">AL 74 Kun</subfield>
    <subfield code="h">BBWISO</subfield>
  </datafield>
  <datafield tag="924" ind1="0" ind2=" ">
    <subfield code="a">288964926</subfield>
    <subfield code="b">DE-7</subfield>
    <subfield code="c">GBV</subfield>
    <subfield code="d">d</subfield>
    <subfield code="e">48</subfield>
    <subfield code="g">1 : 292 Kün</subfield>
    <subfield code="h">BBWISO</subfield>
  </datafield>
  <datafield tag="924" ind1="0" ind2=" ">
    <subfield code="a">218356307</subfield>
    <subfield code="b">DE-7</subfield>
    <subfield code="c">GBV</subfield>
    <subfield code="d">d</subfield>
    <subfield code="g">28 447/A/28</subfield>
    <subfield code="h">7/061</subfield>
  </datafield>
  <datafield tag="924" ind1="0" ind2=" ">
    <subfield code="a">274863146</subfield>
    <subfield code="b">DE-7</subfield>
    <subfield code="c">GBV</subfield>
    <subfield code="d">d</subfield>
    <subfield code="e">5</subfield>
    <subfield code="g">29,325</subfield>
    <subfield code="h">7/118</subfield>
  </datafield>
  <datafield tag="924" ind1="0" ind2=" ">
    <subfield code="a">336546149</subfield>
    <subfield code="b">DE-7</subfield>
    <subfield code="c">GBV</subfield>
    <subfield code="d">d</subfield>
    <subfield code="e">5</subfield>
    <subfield code="g">29,325</subfield>
    <subfield code="h">7/118</subfield>
  </datafield>
  <datafield tag="924" ind1="0" ind2=" ">
    <subfield code="a">025073087</subfield>
    <subfield code="b">DE-705</subfield>
    <subfield code="c">GBV</subfield>
    <subfield code="d">c</subfield>
    <subfield code="g">VWL 442:E0038</subfield>
    <subfield code="h">WOW</subfield>
  </datafield>
  <datafield tag="924" ind1="0" ind2=" ">
    <subfield code="a">025073095</subfield>
    <subfield code="b">DE-705</subfield>
    <subfield code="c">GBV</subfield>
    <subfield code="d">d</subfield>
    <subfield code="g">ABGANG</subfield>
  </datafield>
  <datafield tag="924" ind1="0" ind2=" ">
    <subfield code="a">136804861</subfield>
    <subfield code="b">DE-3</subfield>
    <subfield code="c">GBV</subfield>
    <subfield code="d">c</subfield>
    <subfield code="e">8</subfield>
    <subfield code="g">P 29.50 Kun</subfield>
    <subfield code="h">Ha 18-98</subfield>
  </datafield>
  <datafield tag="924" ind1="0" ind2=" ">
    <subfield code="a">31394024X</subfield>
    <subfield code="b">DE-89</subfield>
    <subfield code="c">GBV</subfield>
    <subfield code="d">c</subfield>
    <subfield code="g">RA 3047(28)</subfield>
    <subfield code="h">Haus2</subfield>
  </datafield>
  <datafield tag="924" ind1="0" ind2=" ">
    <subfield code="a">36210347X</subfield>
    <subfield code="b">DE-89</subfield>
    <subfield code="c">GBV</subfield>
    <subfield code="d">d</subfield>
    <subfield code="e">6</subfield>
    <subfield code="g">U 350 7-612</subfield>
    <subfield code="h">FBR</subfield>
  </datafield>
  <datafield tag="924" ind1="0" ind2=" ">
    <subfield code="a">31928705X</subfield>
    <subfield code="b">DE-89</subfield>
    <subfield code="c">GBV</subfield>
    <subfield code="d">b</subfield>
    <subfield code="e">8</subfield>
    <subfield code="g">KAP 430</subfield>
    <subfield code="h">FBW Mag</subfield>
  </datafield>
  <datafield tag="924" ind1="0" ind2=" ">
    <subfield code="a">36210347X</subfield>
    <subfield code="b">DE-35</subfield>
    <subfield code="c">GBV</subfield>
    <subfield code="d">d</subfield>
    <subfield code="e">3</subfield>
    <subfield code="g">U 350 7-612</subfield>
    <subfield code="h">FBR</subfield>
  </datafield>
  <datafield tag="924" ind1="0" ind2=" ">
    <subfield code="a">31928705X</subfield>
    <subfield code="b">DE-35</subfield>
    <subfield code="c">GBV</subfield>
    <subfield code="d">d</subfield>
    <subfield code="e">2</subfield>
    <subfield code="g">KAP 430</subfield>
    <subfield code="h">FBW</subfield>
  </datafield>
  <datafield tag="924" ind1="0" ind2=" ">
    <subfield code="a">424157616</subfield>
    <subfield code="b">DE-841</subfield>
    <subfield code="c">GBV</subfield>
    <subfield code="d">c</subfield>
    <subfield code="g">1978 A 3104</subfield>
    <subfield code="h">Mag</subfield>
  </datafield>
  <datafield tag="924" ind1="0" ind2=" ">
    <subfield code="a">785689753</subfield>
    <subfield code="b">DE-715</subfield>
    <subfield code="c">GBV</subfield>
    <subfield code="d">c</subfield>
    <subfield code="g">vwl AJ 5670</subfield>
    <subfield code="h">222</subfield>
  </datafield>
  <datafield tag="924" ind1="0" ind2=" ">
    <subfield code="a">910078106</subfield>
    <subfield code="b">DE-700</subfield>
    <subfield code="c">GBV</subfield>
    <subfield code="d">c</subfield>
    <subfield code="g">SVW / Bei A 28</subfield>
    <subfield code="h">N</subfield>
  </datafield>
  <datafield tag="924" ind1="0" ind2=" ">
    <subfield code="a">025073079</subfield>
    <subfield code="b">DE-700</subfield>
    <subfield code="c">GBV</subfield>
    <subfield code="d">c</subfield>
    <subfield code="g">PWJ / Kun</subfield>
    <subfield code="h">W</subfield>
  </datafield>
  <datafield tag="924" ind1="0" ind2=" ">
    <subfield code="a">3234354758</subfield>
    <subfield code="b">DE-21</subfield>
    <subfield code="9">21</subfield>
    <subfield code="c">BSZ</subfield>
    <subfield code="d">c</subfield>
    <subfield code="g">2 E 740</subfield>
  </datafield>
  <datafield tag="924" ind1="0" ind2=" ">
    <subfield code="a">3234354839</subfield>
    <subfield code="b">DE-25-10</subfield>
    <subfield code="9">25/10</subfield>
    <subfield code="c">BSZ</subfield>
    <subfield code="d">b</subfield>
    <subfield code="g">Frei 10: V7/354</subfield>
    <subfield code="9">p</subfield>
  </datafield>
  <datafield tag="924" ind1="0" ind2=" ">
    <subfield code="a">3234354847</subfield>
    <subfield code="b">DE-25-59</subfield>
    <subfield code="9">25/59</subfield>
    <subfield code="c">BSZ</subfield>
    <subfield code="d">b</subfield>
    <subfield code="g">Frei 59: FP 580/004</subfield>
    <subfield code="9">p</subfield>
  </datafield>
  <datafield tag="924" ind1="0" ind2=" ">
    <subfield code="a">323435488X</subfield>
    <subfield code="b">DE-291</subfield>
    <subfield code="9">291</subfield>
    <subfield code="c">BSZ</subfield>
    <subfield code="d">c</subfield>
    <subfield code="g">ML 3167</subfield>
  </datafield>
  <datafield tag="924" ind1="0" ind2=" ">
    <subfield code="a">3234354898</subfield>
    <subfield code="b">DE-291-109</subfield>
    <subfield code="9">291/109</subfield>
    <subfield code="c">BSZ</subfield>
    <subfield code="d">b</subfield>
    <subfield code="g">S IV - 331 ; Keller</subfield>
    <subfield code="9">p</subfield>
  </datafield>
  <datafield tag="924" ind1="0" ind2=" ">
    <subfield code="a">3234354952</subfield>
    <subfield code="b">DE-14</subfield>
    <subfield code="9">14</subfield>
    <subfield code="c">BSZ</subfield>
    <subfield code="d">c</subfield>
  </datafield>
  <datafield tag="924" ind1="0" ind2=" ">
    <subfield code="a">3234354960</subfield>
    <subfield code="b">DE-14</subfield>
    <subfield code="9">14</subfield>
    <subfield code="c">BSZ</subfield>
    <subfield code="d">c</subfield>
  </datafield>
  <datafield tag="924" ind1="0" ind2=" ">
    <subfield code="a">3234355037</subfield>
    <subfield code="b">DE-352</subfield>
    <subfield code="9">352</subfield>
    <subfield code="c">BSZ</subfield>
    <subfield code="d">c</subfield>
    <subfield code="g">bio 119:i/b24-28</subfield>
  </datafield>
  <datafield tag="924" ind1="0" ind2=" ">
    <subfield code="a">3234355096</subfield>
    <subfield code="b">DE-24</subfield>
    <subfield code="9">24</subfield>
    <subfield code="c">BSZ</subfield>
    <subfield code="d">c</subfield>
    <subfield code="g">25C/1593</subfield>
  </datafield>
  <datafield tag="924" ind1="0" ind2=" ">
    <subfield code="a">3234355134</subfield>
    <subfield code="b">DE-180</subfield>
    <subfield code="9">180</subfield>
    <subfield code="c">BSZ</subfield>
    <subfield code="d">d</subfield>
    <subfield code="g">300 QT 200 K96 U53</subfield>
    <subfield code="h">300</subfield>
  </datafield>
  <datafield tag="924" ind1="0" ind2=" ">
    <subfield code="a">3234355185</subfield>
    <subfield code="b">DE-15</subfield>
    <subfield code="9">15</subfield>
    <subfield code="c">BSZ</subfield>
    <subfield code="d">c</subfield>
  </datafield>
  <datafield tag="924" ind1="0" ind2=" ">
    <subfield code="a">323435524X</subfield>
    <subfield code="b">DE-16-160</subfield>
    <subfield code="9">16/160</subfield>
    <subfield code="c">BSZ</subfield>
    <subfield code="d">c</subfield>
    <subfield code="g">WS/QT 000 K96</subfield>
  </datafield>
  <datafield tag="924" ind1="0" ind2=" ">
    <subfield code="a">3234355347</subfield>
    <subfield code="b">DE-90</subfield>
    <subfield code="9">90</subfield>
    <subfield code="c">BSZ</subfield>
    <subfield code="d">c</subfield>
    <subfield code="g">77 B 375</subfield>
  </datafield>
  <datafield tag="924" ind1="0" ind2=" ">
    <subfield code="a">3234355363</subfield>
    <subfield code="b">DE-90-147</subfield>
    <subfield code="9">90/147</subfield>
    <subfield code="c">BSZ</subfield>
    <subfield code="d">b</subfield>
    <subfield code="9">p</subfield>
  </datafield>
  <datafield tag="924" ind1="0" ind2=" ">
    <subfield code="a">3234355436</subfield>
    <subfield code="b">DE-93-104</subfield>
    <subfield code="9">93/104</subfield>
    <subfield code="c">BSZ</subfield>
    <subfield code="d">b</subfield>
    <subfield code="g">S 4/22</subfield>
    <subfield code="9">p</subfield>
  </datafield>
  <datafield tag="924" ind1="0" ind2=" ">
    <subfield code="a">3234355460</subfield>
    <subfield code="b">DE-31</subfield>
    <subfield code="9">31</subfield>
    <subfield code="c">BSZ</subfield>
    <subfield code="d">c</subfield>
    <subfield code="g">75 A 7376</subfield>
  </datafield>
  <datafield tag="924" ind1="0" ind2=" ">
    <subfield code="a">3234355517</subfield>
    <subfield code="b">DE-B208</subfield>
    <subfield code="9">B 208</subfield>
    <subfield code="c">BSZ</subfield>
    <subfield code="d">b</subfield>
    <subfield code="g">Rvgl: X Qd: 10</subfield>
    <subfield code="9">p</subfield>
  </datafield>
  <datafield tag="924" ind1="0" ind2=" ">
    <subfield code="a">3234355584</subfield>
    <subfield code="b">DE-100</subfield>
    <subfield code="9">100</subfield>
    <subfield code="c">BSZ</subfield>
    <subfield code="d">c</subfield>
  </datafield>
  <datafield tag="924" ind1="0" ind2=" ">
    <subfield code="a">3234355673</subfield>
    <subfield code="b">DE-Sp3</subfield>
    <subfield code="9">Sp 3</subfield>
    <subfield code="c">BSZ</subfield>
    <subfield code="d">b</subfield>
    <subfield code="9">p</subfield>
  </datafield>
  <datafield tag="924" ind1="0" ind2=" ">
    <subfield code="a">3234355746</subfield>
    <subfield code="b">DE-951</subfield>
    <subfield code="9">951</subfield>
    <subfield code="c">BSZ</subfield>
    <subfield code="d">c</subfield>
  </datafield>
  <datafield tag="924" ind1="0" ind2=" ">
    <subfield code="a">3234355843</subfield>
    <subfield code="b">DE-1147</subfield>
    <subfield code="9">1147</subfield>
    <subfield code="c">BSZ</subfield>
    <subfield code="d">c</subfield>
    <subfield code="g">Di w 450</subfield>
  </datafield>
  <datafield tag="935" ind1=" " ind2=" ">
    <subfield code="i">Blocktest</subfield>
  </datafield>
  <datafield tag="936" ind1="r" ind2="v">
    <subfield code="a">PN 797</subfield>
    <subfield code="b">Grundprinzipien und Instrumente des Umweltschutzes, Vorsorge-, Verursacherprinzip, Haftung usw.; Planungsinstrumente, Instrumente der Verhaltenssteuerung</subfield>
    <subfield code="k">Rechtswissenschaft</subfield>
    <subfield code="k">Verwaltungswissenschaften und Verwaltungsrecht</subfield>
    <subfield code="k">Besonderes Verwaltungsrecht</subfield>
    <subfield code="k">Recht der Naturnutzung und des Umweltschutzes</subfield>
    <subfield code="k">Umweltrecht</subfield>
    <subfield code="k">Grundprinzipien und Instrumente des Umweltschutzes, Vorsorge-, Verursacherprinzip, Haftung usw.; Planungsinstrumente, Instrumente der Verhaltenssteuerung</subfield>
    <subfield code="0">1270912917</subfield>
    <subfield code="0">(DE-627)1270912917</subfield>
    <subfield code="0">(DE-576)200912917</subfield>
    <subfield code="0">(DE-625)rvk/137727:</subfield>
  </datafield>
  <datafield tag="936" ind1="r" ind2="v">
    <subfield code="a">QT 000</subfield>
    <subfield code="b">Allgemeines</subfield>
    <subfield code="k">Wirtschaftswissenschaften</subfield>
    <subfield code="k">Umweltökonomie</subfield>
    <subfield code="k">Allgemeines</subfield>
    <subfield code="0">1270742299</subfield>
    <subfield code="0">(DE-627)1270742299</subfield>
    <subfield code="0">(DE-576)200742299</subfield>
    <subfield code="0">(DE-625)rvk/142105:</subfield>
  </datafield>
  <datafield tag="936" ind1="r" ind2="v">
    <subfield code="a">AR 28300</subfield>
    <subfield code="b">Wirtschaft und Umwelt, Betrieblicher Umweltschutz, Umweltaudit, Umweltschutzbeauftragter, betriebl. Umweltzertifikat, Umweltzertifikathandel</subfield>
    <subfield code="k">Allgemeines</subfield>
    <subfield code="k">Naturschutz und Umweltschutz</subfield>
    <subfield code="k">Politik, Wirtschaft, Finanzierung, Internationale Zusammenarbeit</subfield>
    <subfield code="k">Wirtschaft und Umwelt, Betrieblicher Umweltschutz, Umweltaudit, Umweltschutzbeauftragter, betriebl. Umweltzertifikat, Umweltzertifikathandel</subfield>
    <subfield code="0">1270698206</subfield>
    <subfield code="0">(DE-627)1270698206</subfield>
    <subfield code="0">(DE-576)200698206</subfield>
    <subfield code="0">(DE-625)rvk/8633:</subfield>
  </datafield>
  <datafield tag="936" ind1="r" ind2="v">
    <subfield code="a">WK 1200</subfield>
    <subfield code="b">Serien und Fortschrittsberichte</subfield>
    <subfield code="k">Biologie</subfield>
    <subfield code="k">Angewandte Ökologie, Biologische Umweltforschung</subfield>
    <subfield code="k">Serien und Fortschrittsberichte</subfield>
    <subfield code="0">1271969041</subfield>
    <subfield code="0">(DE-627)1271969041</subfield>
    <subfield code="0">(DE-576)201969041</subfield>
    <subfield code="0">(DE-625)rvk/149245:</subfield>
  </datafield>
  <datafield tag="936" ind1="r" ind2="v">
    <subfield code="a">QC 340</subfield>
    <subfield code="b">Allgemeines</subfield>
    <subfield code="k">Wirtschaftswissenschaften</subfield>
    <subfield code="k">Wirtschaftstheorie, einschließlich Geldtheorie</subfield>
    <subfield code="k">Wert-, Preis- und Allokationstheorie</subfield>
    <subfield code="k">Makroökonomische Theorie. Geldtheorie. Konjunkturtheorie. Wachstumstheorie</subfield>
    <subfield code="k">Wachstums- und Entwicklungstheorie</subfield>
    <subfield code="k">Allgemeines</subfield>
    <subfield code="0">1270742566</subfield>
    <subfield code="0">(DE-627)1270742566</subfield>
    <subfield code="0">(DE-576)200742566</subfield>
    <subfield code="0">(DE-625)rvk/141271:</subfield>
  </datafield>
  <datafield tag="936" ind1="r" ind2="v">
    <subfield code="a">PN 800</subfield>
    <subfield code="b">Gesetzessammlungen, Kommentare und Gesamtdarstellungen zum Bundes- und Landesrecht (übergreifend mehrere Gebiete)</subfield>
    <subfield code="k">Rechtswissenschaft</subfield>
    <subfield code="k">Verwaltungswissenschaften und Verwaltungsrecht</subfield>
    <subfield code="k">Besonderes Verwaltungsrecht</subfield>
    <subfield code="k">Recht der Naturnutzung und des Umweltschutzes</subfield>
    <subfield code="k">Immissionsschutz (BF Immissionsschutzrecht)</subfield>
    <subfield code="k">Gesetzessammlungen, Kommentare und Gesamtdarstellungen zum Bundes- und Landesrecht (übergreifend mehrere Gebiete)</subfield>
    <subfield code="0">1271328941</subfield>
    <subfield code="0">(DE-627)1271328941</subfield>
    <subfield code="0">(DE-576)201328941</subfield>
    <subfield code="0">(DE-625)rvk/137730:</subfield>
  </datafield>
  <datafield tag="936" ind1="r" ind2="v">
    <subfield code="a">PN 793</subfield>
    <subfield code="b">Materialien, Sammelwerke, Serien</subfield>
    <subfield code="k">Rechtswissenschaft</subfield>
    <subfield code="k">Verwaltungswissenschaften und Verwaltungsrecht</subfield>
    <subfield code="k">Besonderes Verwaltungsrecht</subfield>
    <subfield code="k">Recht der Naturnutzung und des Umweltschutzes</subfield>
    <subfield code="k">Umweltrecht</subfield>
    <subfield code="k">Materialien, Sammelwerke, Serien</subfield>
    <subfield code="0">1270721984</subfield>
    <subfield code="0">(DE-627)1270721984</subfield>
    <subfield code="0">(DE-576)200721984</subfield>
    <subfield code="0">(DE-625)rvk/137723:</subfield>
  </datafield>
  <datafield tag="936" ind1="r" ind2="v">
    <subfield code="a">QT 200</subfield>
    <subfield code="b">Erhaltungsmaßnahmen</subfield>
    <subfield code="k">Wirtschaftswissenschaften</subfield>
    <subfield code="k">Umweltökonomie</subfield>
    <subfield code="k">Erhaltungsmaßnahmen</subfield>
    <subfield code="0">1271477912</subfield>
    <subfield code="0">(DE-627)1271477912</subfield>
    <subfield code="0">(DE-576)201477912</subfield>
    <subfield code="0">(DE-625)rvk/142106:</subfield>
  </datafield>
<datafield tag="690" ind1="H" ind2="D">
            <subfield code="8">YY</subfield>
            <subfield code="a">Wirtschaftswissenschaften : Regionale Wirtschaftspolitik. Stadtplanung</subfield>
            <subfield code="2">HSG-IFF</subfield>
        </datafield></record>