<record xmlns="http://www.loc.gov/MARC21/slim">
  <leader>03567cam a2200793   4500</leader>
  <controlfield tag="001">(DE-627)30812765X</controlfield>
  <controlfield tag="003">DE-627</controlfield>
  <controlfield tag="005">20190317201538.0</controlfield>
  <controlfield tag="007">tu</controlfield>
  <controlfield tag="008">991215s2000    xx ||||| m    00| ||ger c</controlfield>
  <datafield tag="015" ind1=" " ind2=" ">
    <subfield code="a">00,N01,0228</subfield>
    <subfield code="2">dnb</subfield>
  </datafield>
  <datafield tag="015" ind1=" " ind2=" ">
    <subfield code="a">00,A23,0606</subfield>
    <subfield code="2">dnb</subfield>
  </datafield>
  <datafield tag="016" ind1="7" ind2=" ">
    <subfield code="a">958024847</subfield>
    <subfield code="2">DE-101</subfield>
  </datafield>
  <datafield tag="020" ind1=" " ind2=" ">
    <subfield code="a">3631351305</subfield>
    <subfield code="c">: ca. DM 118.00 (brosch., freier Pr.)</subfield>
  </datafield>
  <datafield tag="035" ind1=" " ind2=" ">
    <subfield code="a">(DE-627)30812765X</subfield>
  </datafield>
  <datafield tag="035" ind1=" " ind2=" ">
    <subfield code="a">(DE-576)083150706</subfield>
  </datafield>
  <datafield tag="035" ind1=" " ind2=" ">
    <subfield code="a">(DE-599)GBV30812765X</subfield>
  </datafield>
  <datafield tag="035" ind1=" " ind2=" ">
    <subfield code="a">(OCoLC)845367506</subfield>
  </datafield>
  <datafield tag="035" ind1=" " ind2=" ">
    <subfield code="a">(OCoLC)48046107</subfield>
  </datafield>
  <datafield tag="035" ind1=" " ind2=" ">
    <subfield code="a">(OCoLC)610831442</subfield>
  </datafield>
  <datafield tag="035" ind1=" " ind2=" ">
    <subfield code="a">(DE-604)BV021469890</subfield>
  </datafield>
  <datafield tag="040" ind1=" " ind2=" ">
    <subfield code="a">DE-627</subfield>
    <subfield code="b">ger</subfield>
    <subfield code="c">DE-627</subfield>
    <subfield code="e">rakwb</subfield>
  </datafield>
  <datafield tag="041" ind1=" " ind2=" ">
    <subfield code="a">ger</subfield>
  </datafield>
  <datafield tag="044" ind1=" " ind2=" ">
    <subfield code="c">XA-DE</subfield>
    <subfield code="c">XA-CH</subfield>
    <subfield code="c">XA-BE</subfield>
  </datafield>
  <datafield tag="050" ind1=" " ind2="0">
    <subfield code="a">KK7134</subfield>
  </datafield>
  <datafield tag="084" ind1=" " ind2=" ">
    <subfield code="a">19</subfield>
    <subfield code="2">sdnb</subfield>
  </datafield>
  <datafield tag="084" ind1=" " ind2=" ">
    <subfield code="a">PP 3245</subfield>
    <subfield code="q">BVB</subfield>
    <subfield code="2">rvk</subfield>
  </datafield>
  <datafield tag="084" ind1=" " ind2=" ">
    <subfield code="a">PP 3500</subfield>
    <subfield code="q">BVB</subfield>
    <subfield code="2">rvk</subfield>
  </datafield>
  <datafield tag="100" ind1="1" ind2=" ">
    <subfield code="a">Leist, Matthias</subfield>
  </datafield>
  <datafield tag="245" ind1="1" ind2="0">
    <subfield code="a">Verfassungsrechtliche Schranken des steuerlichen Auskunfts- und Informationsverkehrs</subfield>
    <subfield code="c">Matthias Leist</subfield>
  </datafield>
  <datafield tag="263" ind1=" " ind2=" ">
    <subfield code="a">brosch. : ca. DM 118.00 (freier Pr.)</subfield>
  </datafield>
  <datafield tag="264" ind1=" " ind2="1">
    <subfield code="a">Frankfurt am Main [u.a.]</subfield>
    <subfield code="b">Lang</subfield>
    <subfield code="c">2000</subfield>
  </datafield>
  <datafield tag="300" ind1=" " ind2=" ">
    <subfield code="a">XXV, 420 S</subfield>
    <subfield code="c">21 cm</subfield>
  </datafield>
  <datafield tag="336" ind1=" " ind2=" ">
    <subfield code="a">Text</subfield>
    <subfield code="b">txt</subfield>
    <subfield code="2">rdacontent</subfield>
  </datafield>
  <datafield tag="337" ind1=" " ind2=" ">
    <subfield code="a">ohne Hilfsmittel zu benutzen</subfield>
    <subfield code="b">n</subfield>
    <subfield code="2">rdamedia</subfield>
  </datafield>
  <datafield tag="338" ind1=" " ind2=" ">
    <subfield code="a">Band</subfield>
    <subfield code="b">nc</subfield>
    <subfield code="2">rdacarrier</subfield>
  </datafield>
  <datafield tag="490" ind1="1" ind2=" ">
    <subfield code="a">Mannheimer Beiträge zum öffentlichen Recht und Steuerrecht</subfield>
    <subfield code="v">Bd. 22</subfield>
  </datafield>
  <datafield tag="502" ind1=" " ind2=" ">
    <subfield code="a">Zugl.: Mannheim, Univ., Diss., 1999</subfield>
  </datafield>
  <datafield tag="591" ind1=" " ind2=" ">
    <subfield code="a">720 ff. bvb ; IMD-Felder und 1131 maschinell ergänzt (SWB)</subfield>
  </datafield>
  <datafield tag="650" ind1=" " ind2="4">
    <subfield code="a">Confidential communications</subfield>
    <subfield code="x">Banking</subfield>
    <subfield code="x">Germany</subfield>
  </datafield>
  <datafield tag="650" ind1=" " ind2="4">
    <subfield code="a">Privacy, Right of</subfield>
    <subfield code="x">Germany</subfield>
  </datafield>
  <datafield tag="650" ind1=" " ind2="4">
    <subfield code="a">Tax administration and procedure</subfield>
    <subfield code="x">Germany</subfield>
  </datafield>
  <datafield tag="655" ind1=" " ind2="7">
    <subfield code="a">Hochschulschrift</subfield>
    <subfield code="0">(DE-588)4113937-9</subfield>
    <subfield code="0">(DE-627)105825778</subfield>
    <subfield code="0">(DE-576)209480580</subfield>
    <subfield code="2">gnd-content</subfield>
  </datafield>
  <datafield tag="689" ind1="0" ind2="0">
    <subfield code="D">g</subfield>
    <subfield code="0">(DE-588)4011882-4</subfield>
    <subfield code="0">(DE-627)104704861</subfield>
    <subfield code="0">(DE-576)208896155</subfield>
    <subfield code="a">Deutschland</subfield>
    <subfield code="2">gnd</subfield>
  </datafield>
  <datafield tag="689" ind1="0" ind2="1">
    <subfield code="D">s</subfield>
    <subfield code="0">(DE-588)4006066-4</subfield>
    <subfield code="0">(DE-627)106378643</subfield>
    <subfield code="0">(DE-576)208864229</subfield>
    <subfield code="a">Besteuerungsverfahren</subfield>
    <subfield code="2">gnd</subfield>
  </datafield>
  <datafield tag="689" ind1="0" ind2="2">
    <subfield code="D">s</subfield>
    <subfield code="0">(DE-588)4003724-1</subfield>
    <subfield code="0">(DE-627)106388738</subfield>
    <subfield code="0">(DE-576)208852611</subfield>
    <subfield code="a">Auskunftsrecht</subfield>
    <subfield code="2">gnd</subfield>
  </datafield>
  <datafield tag="689" ind1="0" ind2="3">
    <subfield code="D">s</subfield>
    <subfield code="0">(DE-588)4140250-9</subfield>
    <subfield code="0">(DE-627)104603046</subfield>
    <subfield code="0">(DE-576)209701218</subfield>
    <subfield code="a">Informationelles Selbstbestimmungsrecht</subfield>
    <subfield code="2">gnd</subfield>
  </datafield>
  <datafield tag="689" ind1="0" ind2=" ">
    <subfield code="5">DE-101</subfield>
  </datafield>
  <datafield tag="689" ind1="1" ind2="0">
    <subfield code="D">g</subfield>
    <subfield code="0">(DE-588)4011882-4</subfield>
    <subfield code="0">(DE-627)104704861</subfield>
    <subfield code="0">(DE-576)208896155</subfield>
    <subfield code="a">Deutschland</subfield>
    <subfield code="2">gnd</subfield>
  </datafield>
  <datafield tag="689" ind1="1" ind2="1">
    <subfield code="D">s</subfield>
    <subfield code="0">(DE-588)4057431-3</subfield>
    <subfield code="0">(DE-627)106151002</subfield>
    <subfield code="0">(DE-576)20912198X</subfield>
    <subfield code="a">Steuerfahndung</subfield>
    <subfield code="2">gnd</subfield>
  </datafield>
  <datafield tag="689" ind1="1" ind2="2">
    <subfield code="D">s</subfield>
    <subfield code="0">(DE-588)4003724-1</subfield>
    <subfield code="0">(DE-627)106388738</subfield>
    <subfield code="0">(DE-576)208852611</subfield>
    <subfield code="a">Auskunftsrecht</subfield>
    <subfield code="2">gnd</subfield>
  </datafield>
  <datafield tag="689" ind1="1" ind2="3">
    <subfield code="D">s</subfield>
    <subfield code="0">(DE-588)4187680-5</subfield>
    <subfield code="0">(DE-627)105270296</subfield>
    <subfield code="0">(DE-576)210047410</subfield>
    <subfield code="a">Verfassungsmäßigkeit</subfield>
    <subfield code="2">gnd</subfield>
  </datafield>
  <datafield tag="689" ind1="1" ind2=" ">
    <subfield code="5">DE-101</subfield>
  </datafield>
  <datafield tag="751" ind1=" " ind2=" ">
    <subfield code="a">Mannheim</subfield>
    <subfield code="0">(DE-588)4037372-1</subfield>
    <subfield code="0">(DE-627)106237896</subfield>
    <subfield code="0">(DE-576)209023783</subfield>
    <subfield code="4">uvp</subfield>
  </datafield>
  <datafield tag="830" ind1=" " ind2="0">
    <subfield code="a">Mannheimer Beiträge zum öffentlichen Recht und Steuerrecht</subfield>
    <subfield code="v">22</subfield>
    <subfield code="9">2200</subfield>
    <subfield code="w">(DE-627)233823808</subfield>
    <subfield code="w">(DE-576)039329909</subfield>
    <subfield code="w">(DE-600)1394053-3</subfield>
    <subfield code="x">0944-7695</subfield>
  </datafield>
  <datafield tag="924" ind1="0" ind2=" ">
    <subfield code="a">472110764</subfield>
    <subfield code="b">DE-18</subfield>
    <subfield code="c">GBV</subfield>
    <subfield code="i">18/304</subfield>
    <subfield code="g">FSt 11/85/120</subfield>
    <subfield code="d">N</subfield>
  </datafield>
  <datafield tag="924" ind1="0" ind2=" ">
    <subfield code="a">597766045</subfield>
    <subfield code="b">DE-18</subfield>
    <subfield code="c">GBV</subfield>
    <subfield code="d">L</subfield>
    <subfield code="g">A 2003/2266</subfield>
    <subfield code="i">SUB</subfield>
  </datafield>
  <datafield tag="924" ind1="0" ind2=" ">
    <subfield code="a">38828241X</subfield>
    <subfield code="b">DE-8</subfield>
    <subfield code="c">GBV</subfield>
    <subfield code="d">N</subfield>
    <subfield code="g">SteuR 0224/11</subfield>
    <subfield code="i">8/7</subfield>
  </datafield>
  <datafield tag="924" ind1="0" ind2=" ">
    <subfield code="a">388168404</subfield>
    <subfield code="b">DE-27</subfield>
    <subfield code="c">GBV</subfield>
    <subfield code="d">L</subfield>
    <subfield code="g">KD 15,185</subfield>
    <subfield code="i">J 33</subfield>
  </datafield>
  <datafield tag="924" ind1="0" ind2=" ">
    <subfield code="a">382190483</subfield>
    <subfield code="b">DE-7</subfield>
    <subfield code="c">GBV</subfield>
    <subfield code="d">N</subfield>
    <subfield code="g">XXI F, 4896</subfield>
    <subfield code="h">7/45</subfield>
    <subfield code="i">7/037:OER</subfield>
  </datafield>
  <datafield tag="924" ind1="0" ind2=" ">
    <subfield code="a">793430895</subfield>
    <subfield code="b">DE-517</subfield>
    <subfield code="c">GBV</subfield>
    <subfield code="d">L</subfield>
    <subfield code="g">99030283</subfield>
    <subfield code="i">3220</subfield>
  </datafield>
  <datafield tag="924" ind1="0" ind2=" ">
    <subfield code="a">3136765257</subfield>
    <subfield code="b">DE-21-24</subfield>
    <subfield code="9">21/24</subfield>
    <subfield code="c">BSZ</subfield>
    <subfield code="d">b</subfield>
    <subfield code="g">Oe P,Ie,73</subfield>
    <subfield code="9">p</subfield>
  </datafield>
  <datafield tag="924" ind1="0" ind2=" ">
    <subfield code="a">313676532X</subfield>
    <subfield code="b">DE-180</subfield>
    <subfield code="9">180</subfield>
    <subfield code="c">BSZ</subfield>
    <subfield code="d">d</subfield>
    <subfield code="g">306 PP 3080 L532</subfield>
    <subfield code="h">306</subfield>
  </datafield>
  <datafield tag="924" ind1="0" ind2=" ">
    <subfield code="a">3136765427</subfield>
    <subfield code="b">DE-16-149</subfield>
    <subfield code="9">16/149</subfield>
    <subfield code="c">BSZ</subfield>
    <subfield code="d">b</subfield>
    <subfield code="g">VR/PP 3245 L532</subfield>
    <subfield code="9">p</subfield>
  </datafield>
  <datafield tag="924" ind1="0" ind2=" ">
    <subfield code="a">3136765516</subfield>
    <subfield code="b">DE-Ka26</subfield>
    <subfield code="9">Ka 26</subfield>
    <subfield code="c">BSZ</subfield>
    <subfield code="d">c</subfield>
    <subfield code="g">FF 1596</subfield>
  </datafield>
  <datafield tag="924" ind1="0" ind2=" ">
    <subfield code="a">3136765664</subfield>
    <subfield code="b">DE-B208</subfield>
    <subfield code="9">B 208</subfield>
    <subfield code="c">BSZ</subfield>
    <subfield code="d">b</subfield>
    <subfield code="g">D: XI Eb: 163</subfield>
    <subfield code="9">p</subfield>
  </datafield>
  <datafield tag="935" ind1=" " ind2=" ">
    <subfield code="i">Blocktest</subfield>
  </datafield>
  <datafield tag="936" ind1="r" ind2="v">
    <subfield code="a">PP 3245</subfield>
  </datafield>
  <datafield tag="936" ind1="r" ind2="v">
    <subfield code="a">PP 3500</subfield>
  </datafield>
<datafield tag="690" ind1="H" ind2="D">
            <subfield code="8">JD</subfield>
            <subfield code="a">Allgemeine Steuerrechtsliteratur : Grundsätze der Rechtsanwendung</subfield>
            <subfield code="2">HSG-IFF</subfield>
        </datafield></record>